3567 5559
368 737 430 804 159

368 2115 430 2182 160

448 540 510 608 lte
895 542 996 610 libor
1015 544 1106 612 Vn.

861 729 936 804 116
950 763 986 798 =
1003 729 1065 825 3⁰,
1082 731 1144 807 31.

496 903 570 980 quo
591 876 716 982 potios
739 903 847 979 quom
871 881 1085 1002 universi
1114 881 1275 984 populi
1308 883 1407 961 illius
1438 881 1547 982 gentis

498 1015 722 1117 amplissimo
748 1015 990 1092 testimonio?

529 1185 656 1252 Nescio
676 1187 843 1273 quomodo
869 1187 1040 1274 „populus
1061 1189 1195 1274 gentia“
1216 1197 1294 1272 apte
1317 1187 1382 1252 dici
1402 1188 1549 1272 potuerit

446 1302 538 1368 lllam
558 1313 693 1388 gentem
713 1302 902 1370 Romanam
924 1303 1074 1390 appellat
1090 1306 1228 1386 Plinius,
1248 1326 1336 1392 quae
1359 1305 1476 1390 plures
1492 1307 1550 1370 exi-

445 1420 531 1487 mios
552 1419 663 1486 tulerit
684 1441 784 1513 quam
805 1429 934 1484 ceterae
957 1430 1079 1500 terrae,
1100 1431 1201 1508 atque
1222 1421 1289 1486 huc
1312 1423 1484 1507 pertinere
1504 1445 1548 1488 ar·

444 1541 551 1606 bitror
571 1541 679 1606 verba
698 1541 848 1606 enimsi
862 1539 985 1628 populi,
1006 1551 1043 1608 ut
1064 1542 1190 1608 dixisse
1212 1542 1366 1606 videatur
1387 1565 1489 1636 qnam
1508 1564 1549 1606 ce·

445 1665 536 1720 aerae
559 1665 669 1722 terroe
688 1658 837 1723 universi
853 1656 973 1748 populi.
999 1659 1049 1724 lta
1069 1659 1273 1740 „universae
1292 1667 1438 1744 ειιιιιιιεα
1455 1661 1549 1726 ιιοιιιί·

444 1788 568 1846 nentur
585 1776 693 1846 XXV.
710 1777 763 1845 82.

863 1949 990 2022 121:
1007 1947 1066 2044 36,
1083 1947 1143 2023 36.
1268 1957 1270 1969 '

493 2099 570 2208 [G.
598 2099 820 2206 Quintio]
847 2101 901 2178 Μ’
923 2101 1044 2178 Acilio
1071 2126 1167 2178 coss.

528 2268 686 2354 templum
702 2269 840 2334 Pietatis
855 2278 1063 2334 exstructum
1081 2287 1161 2336 esse
1181 2267 1386 2354 perhibetur.
1409 2268 1457 2334 At
1475 2289 1550 2336 vero

443 2386 483 2453 L.
492 2386 646 2460 Quintius
660 2386 864 2452 Flamininus
886 2387 981 2470 (nam
1004 2385 1107 2453 Gaius
1128 2387 1216 2454 laiso
1238 2387 1444 2474 appellatur)
1469 2411 1550 2454 anno

442 2505 580 2585 DLXll,
597 2492 643 2570 M’
657 2504 787 2571 Acilius
806 2525 836 2572 a.
852 2506 992 2570 DLXlll
1014 2507 1190 2573 consulatu
1212 2506 1347 2588 functus
1369 2499 1448 2573 ests
1465 2508 1551 2572 ldem
1617 2535 1618 2580 1

443 2624 542 2710 igitur
563 2626 606 2690 de
626 2623 791 2692 hocloco
812 2623 929 2691 valere
945 2625 1102 2704 arbitror,
1121 2627 1210 2711 quod
1224 2626 1362 2710 saepius
1383 2625 1551 2692 accidisse

443 2764 550 2829 supra
563 2766 596 2829 p.
606 2743 657 2809 27.
679 2745 802 2828 monui,
820 2754 857 2809 ut
877 2764 977 2829 quum
999 2743 1145 2829 scriptor
1165 2766 1266 2809 unum
1289 2756 1415 2809 tuntum
1434 2764 1552 2810 consu·

441 2863 509 2930 lem
530 2864 748 2948 nominasset,
771 2862 859 2929 alter
879 2873 973 2928 recte
993 2861 1049 2927 vel
1071 2860 1157 2928 mole
1177 2863 1219 2927 ab
1234 2860 1475 2946 interpolatore
1496 2863 1551 2927 ad·

443 2984 659 3049 scriberetur.
709 2981 867 3048 Ceterum
891 2979 1175 3066 impeditissimum
1199 3000 1278 3045 esse
1306 2980 1350 3045 de
1377 2979 1445 3062 boc
1469 2983 1552 3048 aede

443 3104 676 3188 quaestionem
698 3099 875 3166 Beckerus
902 3099 935 3164 in
959 3097 1070 3165 libello
1101 3110 1219 3166 contra
1241 3119 1293 3164 me
1316 3099 1442 3184 scripto
1466 3099 1553 3186 (Zur

442 3219 651 3284 Rbmiscben
672 3217 910 3302 Topograpbie
931 3238 965 3300 p.
981 3215 1045 3302 ll)
1067 3217 1232 3299 ostendit,
1265 3217 1308 3281 od
1330 3237 1430 3304 quam
1452 3239 1552 3305 spero

442 3336 517 3402 lore
539 3335 776 3420 utaliquando
799 3344 961 3401 revertar.

783 3515 1206 3613 1430t144=44,45.

490 3684 783 3791 (de-Metellvm)
805 3685 942 3787 inipso
962 3694 1085 3761 tamon
1106 3686 1202 3762 flore
1222 3685 1444 3786 dignationis
1462 3713 1553 3765 suae

491 3827 537 3905 ab
552 3827 596 3904 G.
607 3813 735 3902 Atinio
748 3824 927 3903 Labeone
949 3823 1010 3901 cui
1032 3847 1235 3925 cognomen
1253 3822 1325 3900 fuit
1344 3824 1553 3903 Macerioni

489 3963 784 4064 tribunoplebis,
806 3991 916 4064 quam
940 3973 1109 4041 eseuotu
1133 3985 1267 4038 censor
1294 3959 1470 4056 eiecerat,
1493 3989 1551 4039 re-

488 4116 687 4178 verteme
720 4125 849 4198 campo
885 4098 1089 4176 meridiano
1125 4107 1291 4198 tempore
1317 4120 1435 4173 vacuo
1467 4099 1552 4174 foro

488 4245 527 4330 et
550 4231 732 4333 Capitolio
759 4231 806 4306 ad
834 4231 1039 4331 Tarpeium
1062 4240 1190 4332 raptus
1218 4243 1260 4308 ut
1286 4233 1552 4335 praecipitare-

487 4380 562 4463 tur,
585 4368 801 4444 convolante
823 4365 971 4466 quidem
992 4373 1067 4439 tam
1093 4389 1292 4443 numerosa
1310 4367 1372 4444 illa
1395 4369 1552 4448 cohorte

369 4531 387 4546 ·
487 4530 582 4612 quae
603 4512 749 4610 putrem
769 4527 854 4579 eum
873 4499 1091 4606 appellabat,
1115 4501 1195 4598 sed,
1220 4513 1263 4580 ut
1284 4528 1443 4582 neeesse
1470 4517 1552 4584 erat
