3567 5559
342 772 353 784 .
403 689 446 762 36
847 693 940 758 biber
961 691 1068 759 XVII.

403 891 484 956 ratio
506 895 566 956 ort.
608 887 645 952 ln
667 892 854 952 transcursu
875 893 1044 973 practerea
1066 906 1182 952 moneo
1205 887 1234 972 S.
1253 859 1305 954 61'
1315 892 1382 972 post
1404 891 1507 950 modr-

400 1013 521 1086 soctuat
550 1006 652 1072 levius
680 1004 973 1090 interpungendum
995 1024 1083 1088 esse,
1118 1011 1153 1070 ut
1174 1004 1246 1069 voci
1267 1011 1383 1083 quidam
1406 1004 1510 1068 altera
1561 1001 1565 1006 ’

404 1131 458 1192 alii
489 1121 700 1210 respondean
732 1121 762 1204 §-
792 1122 832 1190 65
874 1143 1046 1201 paucorum
1079 1142 1122 1186 sc.
1156 1121 1306 1187 arborum
1337 1121 1511 1207 legendum

403 1242 514 1312 rideri.
614 1327 623 1334 Ι

837 1359 1072 1447 73=1c‚14.

453 1529 539 1586 area
563 1512 721 1606 aequata
747 1504 925 1606 cylindris
951 1511 1013 1582 aut
1039 1505 1215 1606 volgiolis

484 1637 685 1704 Vocabulum
722 1639 802 1703 alias
838 1638 1017 1702 inauditum
1048 1639 1295 1702 instmmentum
1332 1637 1516 1724 significare
1616 1648 1617 1652 ’

398 1756 579 1845 ,putandum
601 1763 652 1821 est
674 1755 808 1840 cylindri
820 1777 951 1839 prorsus
966 1755 1083 1838 simile;
1105 1756 1205 1819 altera
1223 1757 1320 1840 igitur
1342 1756 1436 1837 ratio,
1451 1773 1517 1839 qua

403 1897 480 1941 area
500 1871 660 1961 paviendo
682 1878 847 1955 aequatur,
870 1893 936 1943 non
951 1880 1228 1937 commemoratur.
1250 1874 1351 1958 Atqui
1371 1873 1427 1936 illa
1452 1891 1516 1937 vox

403 2013 444 2077 ne
466 1994 624 2079 reperitur
645 1989 773 2078 quidem
796 1989 828 2051 in
851 1989 1015 2054 codicibus
1029 1989 1131 2072 MSS.‚
1154 2011 1288 2075 quorum
1311 1990 1390 2055 haec
1411 1990 1516 2055 varie·

404 2120 453 2176 tas
475 2116 539 2175 est:
583 2112 777 2188 auolpicolis
795 2081 918 2190 (priore
941 2128 960 2170 u
984 2127 1025 2171 ex
1047 2130 1065 2171 u
1087 2107 1208 2190 laeto),
1245 2107 1275 2171 D
1305 2111 1514 2186 &calcuulus

403 2227 431 2292 Τ
453 2227 474 2292 d
496 2235 584 2305 culpo
608 2233 680 2306 olis,
701 2225 735 2288 in
757 2245 820 2309 qua
843 2225 946 2288 codex
968 2245 988 2288 a
1008 2231 1043 2288 ut
1066 2226 1148 2289 solet
1170 2227 1315 2310 proximo
1337 2225 1379 2291 ad
1401 2243 1515 2290 veram

331 2339 339 2348 “
403 2346 574 2409 lectionem
610 2341 743 2406 accedit.
786 2342 983 2406 Terminalia
1007 2344 1091 2406 enim
1117 2350 1228 2421 picatis
1253 2343 1333 2408 nihil
1354 2342 1443 2407 abud
1466 2347 1516 2404 est

403 2481 498 2548 quam
525 2465 628 2542 leolis,
662 2459 765 2545 prima
792 2459 889 2544 igitur
921 2459 1043 2544 syllaba
1079 2445 1223 2526 correcta
1251 2461 1420 2526 notissima
1448 2469 1539 2526 vox*
1609 2511 1614 2559 .‘

402 2598 504 2663 eaque
529 2577 696 2664 aptissima
718 2584 876 2662 emerget:
895 2583 1053 2657 paviculis.
1083 2576 1199 2644 Statim
1216 2579 1249 2664 ᾗ.
1265 2581 1313 2650 ,74
1341 2599 1412 2643 cum
1436 2579 1513 2643 Pin·
1614 2565 1615 2572 ἵ

401 2697 489 2761 tiano
507 2717 571 2760 non
593 2699 781 2779 differuntur,
805 2694 862 2759 sed
880 2701 1058 2772 deserantur
1074 2696 1157 2782 lego,
1179 2695 1280 2761 fretus
1303 2696 1511 2762 similitudine

404 2815 432 2898 ξ.
447 2815 505 2894 76,
527 2814 582 2879 ubi
604 2817 791 2892 differendae
811 2813 844 2876 in
867 2811 903 2896 d,
925 2835 1001 2878 vera
1023 2805 1180 2899 scriptura
1202 2817 1385 2891 deserendae
1405 2814 1440 2890 in
1463 2834 1513 2877 re·

403 2931 497 3016 liquis
521 2933 683 2997 codicibus
706 2937 829 3015 exstat3
852 2930 1135 3008 cumSchneidero
1159 2933 1193 3014 §„
1209 2933 1251 3002 76
1272 2938 1303 2996 r'n
1325 2952 1401 2997 areu
1414 2936 1513 3012 factu,

404 3048 573 3114 manifesto
596 3051 682 3114 enim
705 3049 917 3137 Columellam
940 3049 979 3114 V.
1003 3050 1024 3118 6
1044 3049 1188 3113 imitatur
1208 3050 1341 3115 Plinius.

320 3219 382 3288 316
681 3209 690 3232 ⁴
838 3210 945 3280 Πι-
960 3207 1078 3295 11,15.

453 3334 598 3412 Maritus
623 3334 745 3412 ulmos
771 3343 946 3414 autumno
968 3359 1093 3414 serere
1111 3333 1246 3430 utilius,
1273 3335 1360 3438 quia
1386 3340 1512 3414 carent

454 3466 613 3561 semine3
640 3489 724 3543 nam
751 3472 792 3545 ut
816 3492 837 3544 e
866 3467 1000 3567 plantis
1027 3476 1209 3546 seruntur.

375 3655 382 3662 .
488 3599 630 3684 Silligins
652 3599 783 3685 vulgata
810 3600 948 3664 lectione
970 3581 1041 3665 nom
1068 3623 1160 3666 ecee
1189 3603 1302 3667 relicta
1328 3600 1422 3665 rediit
1444 3601 1513 3686 qui·

406 3718 479 3783 dem
502 3717 545 3785 ad
566 3717 693 3783 codices
715 3717 807 3782 Mas.
834 3718 893 3782 sed
916 3718 991 3803 quid
1012 3720 1045 3784 in
1067 3721 1107 3784 iis
1128 3721 1244 3784 lateret
1271 3739 1336 3783 non
1360 3717 1512 3783 odoratus

388 3844 465 3910 est.
507 3838 636 3904 Nullam
658 3837 743 3901 enim
765 3836 852 3901 vocis
875 3849 908 3900 at
929 3837 960 3901 h.
983 3837 1003 3902 l.
1026 3839 1090 3902 vim
1112 3841 1349 3924 esse'apparet.
1382 3833 1512 3922 Aliquid

404 3955 503 4020 Ianus
524 3957 613 4033 vidit,
636 3975 708 4020 cum
729 3955 803 4020 inde
826 3975 845 4018 a
867 3977 895 4021 v.
918 3962 989 4035 quia
1011 3976 1111 4020 unum
1133 3945 1263 4018 sensum
1284 3953 1404 4040 incepit
1426 3974 1512 4044 eum·

405 4091 468 4157 que
489 4092 591 4156 usque
613 4072 655 4136 ad
676 4095 705 4137 v.
727 4083 870 4137 reantur
891 4074 1104 4156 continuarit,
1137 4092 1247 4142 verum
1264 4070 1350 4156 quod
1372 4092 1420 4136 vv.
1443 4091 1512 4136 nom

406 4189 482 4253 utin
495 4207 554 4252 non
568 4195 628 4252 nisi
642 4189 788 4271 mutavit,
808 4189 1006 4274 ingeniosius
1021 4182 1146 4254 videtur
1158 4189 1275 4253 iecisse
1287 4207 1383 4275 quam
1397 4189 1512 4253 verina

406 4309 440 4372 lu
462 4305 609 4370 omnibus
630 4304 719 4369 libris
740 4304 830 4370 MSS.
852 4325 918 4370 non
947 4317 1052 4370 curent
1072 4305 1130 4370 scd
1157 4317 1281 4372 carente
1308 4305 1360 4370 vel
1387 4305 1512 4391 plenius

407 4425 503 4492 etiam
529 4424 562 4488 in
584 4423 612 4487 Τ
632 4422 749 4508 legitur
770 4434 920 4505 carentes,
955 4424 1040 4488 unde
1067 4423 1097 4486 in
1131 4422 1261 4509 reliquis
1288 4422 1434 4488 ultimam
1465 4424 1512 4488 lit·

407 4551 509 4608 teram
543 4563 558 4604 s
595 4540 686 4606 initio
721 4540 858 4626 proximi
893 4539 1042 4606 vocabuli
1076 4540 1226 4606 haustam
1262 4562 1334 4606 csse
1367 4539 1512 4606 efficitur.

407 4660 635 4738 Quaerendum
655 4665 706 4726 est
726 4659 824 4747 igitur
845 4656 1098 4743 substantivum,
1134 4659 1177 4724 ad
1198 4658 1284 4746 quod
1310 4658 1513 4745 participium

320 1451 382 1518 316
