3567 5559
297 546 310 560 “
428 561 491 629 rra
889 553 990 624 atter
1012 552 1077 624 Vt.

432 745 610 830 Aethiopia
631 741 756 812 iactam
779 761 858 808 eene
880 741 960 808 dicit
983 737 1120 806 Plinius.
1163 735 1471 821 luterpungenrlum
1496 747 1553 800 ost

428 867 545 950 igitur:
569 865 646 928 Nec
666 872 775 926 tumen
796 884 890 925 arma
905 863 1056 926 Romanu
1080 857 1125 925 lbi
1143 857 1352 922 solitudinem
1372 850 1550 940 fecerunt:

429 984 661 1072 Aeqyytt‘orum
686 981 746 1046 rel.
804 981 986 1046 Numerum
1013 989 1122 1041 autem
1155 977 1242 1040 iusto
1275 973 1433 1038 maiorem
1466 994 1550 1037 esse

430 1111 582 1187 apparet.
630 1100 715 1162 Nam
740 1096 929 1161 Petronium
959 1116 1025 1158 nou
1055 1093 1141 1157 ultra
1163 1093 1297 1176 Napata
1324 1112 1549 1176 progressum

431 1241 511 1284 esse
533 1218 656 1283 Strabo
679 1215 770 1283 xvi.
788 1238 818 1302 p.
827 1213 899 1278 820.
924 1226 956 1279 et
980 1213 1042 1278 Dio
1063 1212 1191 1278 LlV.5.
1213 1212 1432 1290 tradiderunt,
1457 1232 1551 1296 quae

429 1337 510 1402 DXl
528 1335 593 1400 mil.
617 1357 650 1418 p.
675 1352 697 1396 a
719 1332 834 1416 Syene
853 1329 1005 1396 abfuisse
1027 1331 1104 1395 inde
1127 1329 1304 1416 colligitur,
1327 1329 1550 1416 quod§.184.

430 1455 551 1519 Meroe
572 1472 594 1516 a
616 1452 730 1536 Syene
752 1447 1012 1513 uccccuxxl
1032 1447 1094 1513 mil.
1113 1471 1162 1533 p.,
1184 1467 1205 1512 a
1227 1448 1372 1531 Napatis
1395 1447 1550 1512 CCCLX

431 1572 495 1638 mil.
517 1595 551 1657 p.
573 1571 636 1634 iter
657 1590 737 1634 esse
757 1579 924 1635 narratur.
974 1569 1002 1634 E
1025 1572 1178 1651 proximo
1200 1568 1299 1656 igitur
1321 1587 1463 1634 numero
1486 1588 1550 1631 no-

431 1702 503 1758 ster
514 1688 608 1756 loeus
624 1699 816 1772 corruptus,
836 1698 937 1754 autea
955 1686 1156 1773 Dalmata
1170 1685 1276 1752 fuisse
1298 1688 1467 1772 putandus
1482 1699 1550 1756 est.

353 1890 415 1956 na
662 1884 666 1897 ·
847 1871 1129 1965 roo--auaa

483 2029 535 2106 At
562 1982 788 2128 exlAsricae
815 2034 921 2127 parte
955 2022 1194 2117 Medimni,
1223 2023 1328 2098 dein
1357 2023 1551 2102 Nomades

484 2162 821 2262 cynocephalorum
847 2161 943 2238 lacte
964 2159 1129 2236 viventes
1154 2159 1217 2234 rel.

514 2330 583 2393 Aut
601 2329 657 2391 hic
670 2328 871 2390 'metiemini
886 2339 944 2391 aut
967 2327 1034 2393 Vll.
1047 2329 1105 2408 31,
1132 2330 1187 2392 ubi
1211 2329 1330 2394 eadem
1351 2327 1471 2394 fabula
1493 2351 1548 2395 re-

430 2444 568 2528 petitur,
592 2443 838 2508 Medimnorum
863 2446 1039 2532 legendum
1067 2468 1146 2514 esse
1168 2461 1262 2514 recte
1283 2449 1455 2515 Barbarus
1483 2473 1550 2514 mo-

430 2562 510 2626 nuit.
553 2560 710 2627 Ceterum
734 2563 756 2626 li
777 2563 949 2627 Nomades
972 2565 1026 2648 qui
1050 2567 1358 2651 cynocephalorum
1380 2566 1471 2632 lacte
1497 2569 1550 2632 vi-

430 2692 526 2761 vunt,
546 2681 612 2765 ipsi
634 2690 712 2745 aaut
738 2681 941 2761 Menismini‚
975 2703 1114 2767 quorum
1137 2705 1258 2748 nomen
1282 2686 1372 2768 apud
1396 2685 1552 2751 Solinum

436 2819 510 2884 cap.
521 2797 573 2864 3⁰.
595 2798 764 2867 omiltllu'r.
807 2799 923 2885 ltaque
943 2799 1108 2864 Medimni
1127 2801 1182 2863 dei
1199 2803 1234 2866 in
1246 2803 1442 2866 Menismini
1456 2804 1553 2870 vide.

432 2932 487 2985 tur
509 2919 699 2985 mutandum
722 2927 813 2998 e'sae,
835 2918 890 2982 cui
912 2938 931 2984 e
951 2919 1103 3003 proximo
1122 2917 1288 2983 vocabulo
1309 2918 1419 2984 littera
1443 2945 1467 2983 n
1492 2946 1552 2987 ac-

433 3039 548 3106 crevit.
592 3034 819 3122 Cynamolgos
842 3048 953 3101 autent
974 3035 1105 3124 inlra§.
1118 3035 1186 3102 195.
1207 3056 1282 3101 cum
1295 3037 1551 3125 Cynocephalis

432 3154 615 3240 permutari
635 3154 822 3219 Frietenlua
840 3153 890 3217 De
910 3153 1166 3235 Agatharchide·
1182 3172 1215 3238 p.
1225 3152 1276 3217 48.
1299 3158 1548 3224 animadvertit.

432 3272 551 3358 §.tut
573 3269 872 3354 proeconantur
895 3268 1004 3332 malim
1028 3257 1131 3351 ὒ-Οῖ,
1160 3252 1261 3357 quum¹
1283 3273 1379 3340 nimis
1402 3277 1551 3362 exiguus
1632 3319 1633 3336 i

431 3389 679 3473 transfugarum
699 3407 859 3453 numerus
883 3386 1006 3471 alioqui
1028 3409 1107 3454 esse
1130 3392 1292 3457 videatur.
1632 3353 1633 3372 Χ

354 3589 414 3655 no
822 3509 1135 3648 ''retsstoioea
1164 3651 1166 3659 ,
1282 3522 1296 3538 ”

555 3720 699 3823 reliqua
724 3721 886 3817 deserta,
911 3721 1045 3799 deinde
1070 3725 1318 3801 fabulosis.
1363 3729 1426 3804 Ad
1449 3732 1551 3806 occi-

482 3863 630 3939 dentem
649 3859 967 3961 versusNigroae‚
991 3889 1146 3962 quorum
1169 3888 1238 3938 rex
1260 3889 1372 3940 unum
1391 3870 1548 3944 oculum

478 4000 517 4075 iu
541 4001 665 4076 fronte
691 3995 805 4103 habel
828 4007 890 4073 rei.
961 4001 965 4013 '
1473 4001 1475 4009 '

514 4165 643 4234 Vocem
663 4123 821 4251 folulosis
850 4187 870 4229 e
893 4168 968 4234 cod.
991 4169 1022 4230 R
1049 4172 1081 4234 in
1103 4123 1259 4260 uulgatae
1281 4123 1473 4257 eoripturae
1494 4169 1548 4258 su·

430 4279 817 4375 luloaulucumrestituit
832 4279 992 4365 Silligius.
1016 4287 1125 4358 Quum
1147 4299 1256 4351 tamen
1278 4287 1321 4351 nil
1336 4287 1463 4355 habeat
1479 4313 1548 4377 quo

428 4400 610 4479 referatur,
632 4410 667 4466 et
685 4418 772 4485 quae
789 4409 975 4485 sequuntur
988 4414 1105 4484 gentes
1119 4401 1296 4472 fabulosae
1316 4407 1383 4473 aint
1403 4419 1443 4475 ut
1458 4430 1549 4495 quae

429 4517 586 4600 uulua,
605 4517 876 4603 interpunctione
897 4527 1054 4592 comeatu
1069 4518 1255 4606 ,legemem
1275 4533 1366 4598 oeta·
1460 4583 1464 4600 ,
