3567 5559
712 563 815 629 luber
834 567 900 631 Vt.
1299 571 1360 638 llll

326 751 451 817 'l'otum
472 748 584 815 locum
605 749 788 836 adscripsi,
816 773 882 839 quo
907 751 1026 819 melius
1049 764 1230 840 appareat,
1258 777 1358 844 quam

241 892 408 957 perverso
423 870 542 936 ordine
558 889 679 936 cursus
697 869 893 938 nobilissimi
907 871 1052 938 iluminis
1067 887 1251 942 enarretur.
1276 876 1358 943 Fer·

239 1011 311 1055 rem
333 1001 460 1054 tantam
485 988 663 1073 scriptoris
684 990 923 1077 negligentiam
950 993 983 1055 in
1013 996 1150 1058 remotis
1171 994 1359 1080 ignotisque

239 1109 459 1193 regionibus:
482 1105 650 1174 Seleucac
670 1129 751 1175 vero
765 1109 979 1176 actllesenes
1000 1114 1098 1177 situm
1121 1132 1142 1177 a
1163 1111 1270 1179 Plinio
1291 1125 1359 1179 tam

239 1231 373 1314 apertis
395 1228 568 1294 erroribus
589 1227 745 1291 admixtis
767 1229 912 1294 describi
925 1229 1075 1312 potuisse
1092 1251 1269 1318 numquam
1281 1252 1359 1297 cou-

241 1350 378 1412 cedam.
418 1347 491 1411 Duo
518 1355 597 1411 sunt
625 1347 824 1430 praesertim
849 1369 936 1434 qnae
959 1351 1172 1416 correctione
1199 1352 1357 1436 indigent.

241 1468 391 1532 Primum
420 1466 494 1531 fieri
508 1485 594 1530 *non
625 1465 733 1548 potnit
765 1479 801 1531 ut
827 1465 939 1552 Tigris
964 1480 1143 1554 postquam
1172 1468 1359 1555 Apameam

241 1585 401 1670 pervenit
427 1584 599 1650 meridiem
627 1589 749 1667 petens
776 1582 964 1651 Seleuciam
989 1599 1233 1673 reverteretur,
1258 1609 1359 1677 quae,

241 1721 279 1769 ut
304 1705 350 1769 ab
382 1705 460 1790 ipso
489 1704 595 1768 Plinio
629 1701 783 1767 traditum
806 1714 875 1783 est,
906 1705 1047 1791 amplius
1069 1719 1202 1774 centum
1227 1707 1358 1774 milibus

243 1843 409 1907 passuum
431 1823 618 1908 etquidem
641 1823 903 1905 septentrionem
918 1846 1038 1892 versus
1052 1828 1214 1892 distabat:
1237 1828 1360 1892 deiude

241 1963 310 2028 quo
337 1943 475 2008 tandem
505 1943 603 2008 modo
635 1942 722 2008 inter
751 1943 920 2036 Choaspip
949 1943 1171 2010 confluentem
1206 1955 1239 2010 et
1264 1944 1359 2010 lacus

242 2060 453 2127 Chaldaicos
469 2064 503 2128 id
525 2072 578 2129 est
598 2063 630 2127 in
648 2062 867 2154 Characenes
889 2062 1040 2128 confiniis
1061 2064 1148 2128 inter
1170 2062 1358 2129 Seleuciam

250 2195 287 2249 et
309 2178 561 2266 Ctesiphontem
588 2180 707 2267 lapsus
737 2180 889 2246 dicetur?
931 2179 973 2245 Et
993 2179 1047 2246 hic
1068 2183 1199 2272 quidem
1223 2183 1361 2248 manife-

245 2310 327 2365 stus
347 2300 531 2366 scribarum
554 2320 652 2366 error
674 2300 773 2384 etiam
797 2320 838 2364 eo
859 2301 1023 2386 proditur,
1046 2301 1137 2388 quod
1159 2299 1283 2366 Plinius
1303 2321 1360 2366 su·

243 2419 382 2505 periore
402 2418 456 2484 illo
473 2419 551 2486 loco
573 2441 671 2506 quem
693 2420 767 2504 ipse
782 2419 908 2499 laudat,
932 2422 974 2486 de
990 2432 1107 2488 neutra
1120 2423 1203 2488 urbe
1224 2421 1358 2489 locutus

243 2551 308 2604 est.
350 2539 506 2624 Respicit
532 2541 618 2605 enim
643 2538 674 2626 §.
689 2539 767 2619 10⁰,
795 2541 854 2606 ¹ubi
876 2542 966 2628 quod
989 2539 1172 2625 Choaspen
1194 2539 1356 2606 Eulaeum

241 2658 395 2724 nominat
417 2678 485 2723 nou
516 2667 569 2722 est
599 2657 688 2743 quod
719 2660 860 2728 mireris.
910 2661 1096 2746 Utrumque
1121 2661 1207 2726 enim
1235 2679 1357 2725 nomen

241 2778 437 2861 promiscue
458 2798 480 2842 a
500 2777 671 2842 veteribus
691 2781 849 2863 usurpari
871 2788 951 2865 post
980 2779 1066 2843 alios
1091 2778 1204 2843 docuit
1235 2787 1269 2843 et
1299 2798 1360 2842 our

243 2896 291 2959 ita
317 2894 416 2961 fieret
442 2895 602 2981 explicuit
627 2895 791 2982 Forbiger
817 2897 884 2965 vol.
900 2897 939 2962 11.
962 2895 1077 2981 pasl.
1127 2895 1181 2961 De
1204 2895 1361 2961 Seleucia

245 3034 331 3079 vero
360 3026 395 3080 et
419 3013 638 3100 Ctesiphonte
665 3034 710 3079 ne
737 3015 805 3104 γρῦ
830 3015 975 3100 quidem.
1036 3012 1126 3078 ldem
1154 3013 1253 3098 igitur
1279 3011 1313 3076 h.
1338 3013 1361 3078 1.

248 3132 374 3212 evenit,
391 3135 560 3220 quodiam
578 3134 716 3219 saepius
737 3135 919 3199 admissum
933 3153 1012 3200 esse
1025 3132 1180 3219 vidimus,
1201 3142 1236 3198 ut
1257 3134 1362 3198 verba

250 3253 343 3316 iuter
358 3251 542 3320 &buciaco
567 3263 599 3318 ct
620 3251 861 3341 Ctesiphontem
881 3263 993 3318 uectus
1013 3251 1122 3318 alieno
1144 3253 1222 3320 loco
1244 3251 1362 3320 arohe-

247 3383 332 3457 typo
353 3373 465 3438 codici
486 3375 723 3440 insererentur.
768 3372 908 3438 Scilicet
931 3375 1098 3459 pertinent
1119 3373 1161 3437 ad
1176 3374 1362 3459 proximum

249 3511 400 3568 sensum,
423 3515 489 3579 quo
508 3513 600 3557 nunc
620 3511 741 3557 cursus
762 3491 873 3577 Tigris
899 3514 1020 3584 magno
1041 3491 1129 3559 saltu
1149 3492 1363 3576 aGordyene

247 3609 436 3694 Apameam
454 3610 547 3677 facto
570 3613 829 3695 interrumpitur,
850 3622 953 3699 atque
974 3613 1019 3678 ibi
1040 3623 1118 3698 post
1138 3631 1257 3678 vocem
1281 3607 1364 3673 Gor.

248 3730 432 3815 dyucorum
450 3731 646 3817 reponenda
668 3740 755 3796 suut.
784 3730 882 3795 Prior
903 3743 1012 3797 autem
1035 3732 1130 3797 locus
1151 3741 1218 3794 tum
1234 3729 1365 3793 demum

251 3851 426 3916 emendari
451 3853 576 3938 poterit
604 3869 703 3935 quum
729 3848 905 3932 Apameae
935 3851 1033 3914 situm
1064 3844 1373 3932 exploraverimus·

252 3968 366 4042 Quum
389 3981 500 4035 autem
522 3967 649 4034 Plinius
677 3977 711 4031 et
733 3964 928 4048 Stephanus
950 3987 992 4031 eo
1014 3964 1093 4030 loco
1116 3964 1260 4048 positam
1283 3981 1365 4028 esse

251 4085 399 4172 tradant,
421 4088 478 4152 ubi
499 4087 665 4152 dividatur
687 4084 814 4170 Tigris,
846 4083 986 4150 eundem
1009 4102 1201 4170 occupasse
1223 4101 1366 4148 cousen-

250 4217 387 4271 tuneutn
412 4217 485 4286 ast,
516 4207 572 4272 ubi
593 4226 684 4271 nunc
705 4204 774 4269 Kut
796 4202 829 4270 el
850 4203 996 4269 Hamara
1019 4205 1052 4268 in
1077 4203 1230 4289 Kieperti
1255 4203 1368 4268 tabula

249 4326 349 4410 regni
375 4326 577 4392 Ottomanici
604 4324 780 4410 reperitur.
831 4322 914 4386 lnde
942 4323 1027 4387 enim
1048 4320 1170 4388 ilumeu
1195 4321 1315 4389 Schatt
1336 4322 1369 4387 el

251 4441 353 4530 llijeh
381 4445 455 4508 sive
482 4445 517 4510 el
538 4443 667 4511 llamra
692 4443 833 4522 dictum,
858 4441 946 4507 alter
972 4442 1026 4528 qui
1054 4461 1074 4506 a
1098 4439 1201 4506 Plinio
1227 4448 1371 4506 vocatur

252 4561 390 4639 alveus,
416 4574 511 4630 recta
535 4562 707 4631 meridiem
735 4581 858 4628 versus
878 4559 1088 4646 Babyloniae
1110 4577 1249 4643 campos
1273 4561 1371 4621 secat
