3567 5559
291 665 295 672 “
405 659 448 728 84
861 655 950 719 liber
970 653 1081 722 m..

488 852 675 918 Doctiorem
695 871 790 937 quam
813 847 1062 934 ingeniosiorem
1082 844 1223 910 Plinium
1250 845 1347 909 luisse
1371 863 1445 907 nou
1465 861 1517 904 ne·

409 971 549 1059 geserim
586 987 692 1054 neque
730 975 795 1032 tem
827 966 960 1030 subacto
982 938 1186 1047 elegantique
1215 982 1310 1047 quam
1343 960 1456 1048 probo
1492 965 1522 1020 et

409 1089 500 1176 gravi
530 1085 649 1150 iudicio
683 1103 756 1148 eum
784 1081 938 1168 polluisse
963 1081 1034 1166 ipse
1065 1080 1099 1142 in
1126 1077 1377 1142 chrestomathis
1403 1099 1440 1163 p.
1461 1073 1522 1138 XV

409 1227 478 1292 sqq.
511 1202 687 1268 declaravi:
735 1207 867 1264 atvero
902 1205 968 1262 tam
997 1198 1106 1281 inepte
1135 1195 1267 1260 doctum
1302 1217 1375 1260 eum
1409 1193 1524 1270 fnisse,
1606 1200 1607 1243 l

362 1330 367 1338 '
409 1329 444 1386 ut
464 1322 548 1384 inter
561 1317 733 1383 cauliculos
756 1317 867 1380 turrim
888 1335 959 1379 cum
982 1315 1055 1377 lacu
1076 1317 1273 1394 exstrueret,
1294 1320 1359 1376 tam
1383 1310 1527 1375 confuse
1606 1278 1607 1329 ¹

410 1439 550 1502 locutum
572 1453 644 1498 esse
663 1441 700 1498 ut
721 1433 831 1498 turrim
852 1439 886 1496 et
908 1431 1007 1495 luisse
1029 1436 1061 1495 et
1077 1449 1149 1494 esse
1168 1428 1317 1503 traderet,
1340 1436 1413 1493 tam
1440 1425 1528 1490 deui-
1607 1482 1608 1527 p

410 1573 471 1640 que
493 1551 690 1616 illitteratum
711 1549 812 1614 fuisse
833 1557 868 1614 ut
889 1549 978 1614 verbi
999 1548 1063 1612 rim
1084 1547 1367 1632 nonperspioeret,
1390 1542 1530 1609 etiamsi
1607 1530 1608 1583 5

410 1668 451 1736 ed
474 1669 558 1734 hunc
580 1667 666 1732 diem
687 1653 959 1748 nemodubitavit,
981 1685 1041 1749 ego
1063 1685 1237 1749 numquam
1258 1672 1295 1728 ut
1306 1661 1448 1727 credam
1473 1658 1528 1723 ad·
1607 1674 1608 1683 ¹

412 1787 519 1852 ducar.
562 1784 706 1866 Scilicet,
738 1791 774 1847 ut
796 1783 836 1848 ab
860 1804 914 1865 eo,
938 1781 1026 1865 quod
1046 1781 1192 1844 ultimum
1213 1781 1308 1866 posui
1331 1775 1531 1866 disputandi

411 1905 535 1968 initium
557 1901 691 1983 faciam,
723 1921 787 1966 uon
810 1905 1048 1965 Lacuturrenses
1071 1897 1135 1982 (ita
1156 1899 1241 1962 enim
1262 1918 1383 1962 nomen
1410 1917 1433 1962 e
1458 1914 1529 1958 eor·
1608 1900 1610 1981 l

413 2020 539 2105 ruptela
559 2018 671 2083 codo
713 2022 929 2082 Locoturreses
959 2016 1145 2081 restituatur
1177 2034 1311 2114 necesse
1342 2021 1413 2094 eet)
1456 2031 1532 2099 pro·
1608 2046 1609 2141 q

412 2137 480 2223 prie
514 2134 701 2200 dicebantur
739 2135 847 2200 caules
889 2134 947 2199 sed
979 2139 1220 2198 lacuturnenses
1255 2131 1404 2196 aTurni
1441 2131 1531 2208 lacu,

413 2272 509 2337 quem
532 2250 710 2316 Columella
728 2250 770 2315 X.
796 2253 853 2320 137
875 2252 1029 2333 nominat,
1050 2250 1304 2336 appellabantur.
1326 2248 1410 2324 Quis
1437 2248 1525 2312 enim

413 2367 567 2432 anesoio
595 2388 658 2453 qua
679 2368 757 2430 turri
790 2367 895 2432 lacum
923 2367 1122 2433 nominatum
1153 2387 1227 2431 esse
1253 2366 1353 2432 lando
1384 2365 1528 2443 audivit,
1609 2332 1611 2453 l

412 2485 483 2568 quis
506 2491 613 2550 autem
634 2483 732 2548 Turni
754 2504 887 2566 nomeu,
924 2483 1069 2550 Veniliae
1089 2484 1145 2548 filii
1167 2483 1337 2569 fratrisque
1359 2483 1522 2550 Iuturnae

413 2622 486 2666 eum
509 2601 551 2666 ad
571 2602 659 2666 illam
687 2604 851 2688 regionem
870 2608 937 2666 tum
960 2601 1003 2666 ad
1024 2621 1125 2686 aquas
1151 2601 1344 2686 pertinuisse
1365 2592 1527 2687 ignorat?
1609 2576 1610 2637 Ὗ

413 2719 605 2807 Inspiciatur
631 2712 742 2800 modo,
776 2719 804 2783 si
829 2718 912 2783 tenti
932 2725 998 2799 est,
1029 2719 1161 2784 Prelleri
1193 2719 1275 2783 liber
1310 2719 1351 2782 de
1385 2717 1525 2806 mythol.

413 2839 505 2904 Rom.
529 2859 559 2923 p.
582 2837 653 2905 684.
696 2835 789 2910 Quod
811 2856 928 2900 nomen
958 2855 1057 2921 quum
1088 2835 1175 2920 vulgi
1207 2835 1367 2921 imperitia
1394 2854 1524 2922 usuque

416 2954 568 3040 loquendi
579 2955 613 3018 in
625 2954 896 3036 ‚Lacuturrenses‘
918 2952 1061 3036 abiisset,
1085 2973 1147 3038 quo
1171 2954 1382 3039 corruptionis
1400 2972 1524 3041 genere

416 3072 514 3136 etiam
537 3071 730 3136 Columellae
752 3091 862 3136 versus
885 3070 919 3134 in
933 3068 1093 3134 nonnullis
1113 3070 1203 3135 libris
1217 3071 1353 3154 leborat,
1377 3091 1520 3157 agram-

416 3189 532 3252 metioo
555 3189 660 3272 aliquo
690 3187 774 3256 mole
796 3188 889 3252 docto
912 3186 953 3252 ad
985 3195 1088 3252 turres
1118 3208 1218 3272 prope
1244 3187 1424 3253 convallem
1447 3189 1521 3254 Ari·

417 3307 521 3370 ciuem
539 3305 616 3368 sitas
628 3292 764 3398 toletum
781 3313 841 3384 est,
863 3303 949 3368 unde
964 3324 1056 3368 mons
1068 3303 1204 3369 duorum
1214 3306 1347 3369 turrium
1358 3304 1521 3393 hodieque

417 3421 604 3506 appellatur,
627 3418 666 3484 de
684 3441 746 3505 quo
761 3419 919 3484 Nibbius
910 3443 942 3485 ιιι
959 3442 998 3486 eo
1010 3420 1091 3487 libro
1105 3421 1171 3507 egit
1192 3443 1287 3508 quem
1309 3422 1357 3487 de
1372 3416 1520 3489 suburbi-

416 3539 509 3603 oeriie
537 3537 721 3622 regionibus
752 3537 877 3622 scripsit
922 3539 1105 3619 (Analisi.
1129 3539 1179 3604 de’
1200 3541 1339 3628 dintorni
1359 3540 1393 3605 di
1412 3541 1519 3608 Rome

417 3659 441 3722 l.
453 3679 483 3743 p.
494 3656 584 3742 554).
613 3654 719 3739 Atque
740 3654 825 3718 idem
847 3655 974 3720 videtur
994 3656 1111 3739 luisse,
1134 3678 1228 3743 quem
1251 3659 1380 3724 saeculo
1402 3681 1434 3745 p.
1459 3660 1516 3725 Ob.

354 3787 360 3797 “
417 3796 448 3838 n.
471 3783 585 3860 quarto
608 3773 747 3840 Plinium
773 3773 963 3838 emendasse
990 3781 1023 3839 et
1043 3754 1220 3840 illustrasse
1242 3775 1377 3841 subinde
1398 3777 1519 3842 indico·

417 3894 520 3958 vimus
540 3891 597 3970 (ef.
612 3914 642 3959 n.
665 3892 819 3970 42116).
842 3893 973 3957 Minime
985 3892 1083 3977 igitur
1095 3893 1211 3956 mirum
1224 3890 1310 3978 quod
1326 3913 1409 3977 quae
1419 3892 1517 3958 illein

418 4010 560 4090 margine
569 4009 791 4094 adscripscrat,
808 4010 974 4074 alibrariis
985 4009 1018 4073 in
1030 4009 1145 4072 librum
1158 4010 1262 4095 ipsum
1271 4009 1517 4074 translatasunt.

414 4116 506 4186 Idem
530 4125 558 4206 ξ.
585 4125 643 4190 1155
669 4127 701 4188 in
724 4147 762 4190 eo
791 4127 901 4191 codice
919 4127 1042 4191 'factum
1069 4133 1143 4209 est,.
1162 4147 1257 4212 quem
1277 4127 1435 4210 Apuleius
1463 4148 1516 4191 ex-

417 4240 544 4322 cerpsit.
588 4239 651 4303 Ubi
685 4241 904 4325 proverbium,
937 4243 1027 4307 ouius
1059 4243 1201 4308 aPlinio
1228 4243 1348 4308 mentio
1374 4243 1425 4327 fit,
1458 4243 1515 4308 hoc

418 4357 564 4442 exemplo
588 4355 777 4420 illustratur:
801 4367 834 4421 ot
850 4370 926 4438 puto
946 4367 991 4424 cic
1012 4365 1095 4424 acris
1115 4371 1160 4424 est
1179 4367 1335 4425 nasturcio
1359 4365 1453 4441 (nam
1474 4363 1517 4427 ita

418 4475 532 4559 corrigi
554 4479 679 4560 oportet
701 4472 818 4538 menda
838 4475 957 4539 librarii
976 4478 1249 4562 percrebuere)
1272 4476 1454 4561 dimidiato,
1484 4486 1516 4542 ut

417 4593 558 4675 videtur,
590 4613 685 4658 versu
708 4612 725 4655 e
746 4591 914 4656 comoedia
933 4593 1043 4676 petito.
1085 4594 1184 4660 Aliud
1204 4595 1379 4680 glossema
1406 4597 1437 4682 fi.
1460 4596 1515 4664 161
