3567 5559
425 755 487 824 176
855 753 947 816 [lber
969 751 1092 818 lm.

467 955 519 1020 lta
528 952 691 1018 Barbarus
703 972 743 1016 ex
758 951 843 1017 lotii
859 951 942 1034 loco,
964 957 1000 1017 ut
1012 949 1147 1034 videtur,
1167 951 1227 1016 IV.
1245 955 1274 1020 1.
1302 953 1353 1019 18.
1369 951 1525 1036 'Algeneri

426 1072 531 1138 nonni
552 1070 744 1134 adiectivum
765 1075 869 1132 similis
889 1074 1000 1153 aptum
1014 1089 1078 1133 non
1091 1074 1155 1152 est3
1178 1071 1385 1154 aptissimam
1407 1070 1528 1134 formam

426 1209 499 1254 roa
525 1189 584 1273 (cl.
607 1185 757 1251 Nicandr.
772 1186 904 1250 theriac.
926 1185 987 1253 716
1009 1183 1184 1262 αἰθαλόεις
1206 1184 1274 1272 ῥώξ
1285 1188 1402 1272 ibique
1423 1185 1528 1257 soboli

427 1305 621 1372 alibrorum
652 1305 844 1389 optimorum
873 1302 958 1366 vitiis
991 1309 1097 1367 recino
1125 1303 1155 1367 R
1183 1309 1315 1369 rocbtno
1353 1302 1420 1367 Vd
1452 1302 1534 1366 leode

427 1424 580 1489 elisimus.
616 1420 662 1486 [b.
683 1441 741 1506 pro
762 1425 885 1484 munds
907 1425 997 1484 textis
1018 1419 1150 1504 legerim
1168 1427 1277 1486 munet
1298 1428 1398 1486 textis
1421 1441 1459 1484 uc
1477 1423 1535 1499 pin·

427 1549 473 1606 nte
494 1539 601 1626 potius
622 1559 718 1624 quam
733 1545 838 1621 pinno,
861 1556 935 1600 nam
957 1535 1064 1600 littera
1085 1558 1101 1600 s
1121 1537 1154 1599 in
1176 1537 1268 1602 codd.
1291 1539 1427 1625 legitur.

345 1678 407 1747 643
848 1680 898 1754 89
914 1709 947 1738 =
963 1675 1112 1754 ibidem,

361 1801 365 1812 ’
477 1807 544 1886 Est
570 1817 698 1886 contra
722 1831 882 1885 morsum
910 1809 990 1885 cius
1018 1807 1181 1886 remedio
1207 1816 1305 1884 terra
1334 1833 1387 1884 ex
1417 1806 1537 1882 orbita.

361 1996 364 2002 .
511 1939 683 2023 stultu,
712 1940 940 2025 legeEstet.

345 2096 408 2163 544
714 2062 917 2148 90:438.
951 2055 1020 2150 (de
1047 2056 1254 2150 stellione).

479 2187 587 2266 Hune
615 2187 745 2266 Graeci
758 2188 909 2268 coloten
935 2196 1070 2267 vocant
1097 2198 1134 2266 et
1159 2189 1405 2268 ascalaboten
1436 2195 1474 2262 et
1484 2205 1541 2284 gn·

478 2319 621 2414 leoten3
648 2321 684 2395 in
711 2309 814 2398 ltalia
839 2345 916 2401 non
943 2324 1122 2431 nascitur3
1161 2329 1219 2398 est
1245 2323 1342 2399 enirn
1373 2323 1440 2397 hie
1467 2315 1539 2417 ple·

477 2473 548 2528 nus
573 2449 765 2552 lentigine,
800 2456 968 2534 stridoris
993 2455 1128 2546 acerbi,
1156 2461 1193 2531 et
1216 2455 1410 2548 vescitur3
1451 2469 1537 2549 quae

478 2583 600 2664 omnia
626 2609 647 2662 a
672 2589 809 2665 nostris
835 2588 1070 2666 stellionibus
1102 2586 1224 2665 aliena
1250 2594 1347 2664 sunt.

468 2716 584 2783 Mirum
606 2705 691 2784 virob
714 2719 826 2786 doctos
847 2728 976 2808 praeter
992 2720 1107 2785 Ianum
1128 2726 1310 2786 crescitur
1326 2741 1393 2785 non
1414 2711 1536 2792 offendi,
1606 2738 1607 2749 ¹

428 2856 511 2922 quae
532 2837 643 2921 utique
665 2839 793 2923 passivo
816 2858 916 2932 sensu
937 2858 1001 2902 non
1023 2837 1210 2924 accipienda
1238 2858 1279 2902 ex
1300 2835 1488 2902 Aristotelis
1509 2829 1533 2892 h·

428 2957 521 3018 anim.
543 2953 601 3019 IX.
624 2955 653 3020 2.
677 2976 707 3040 p.
730 2955 930 3023 60933313.
954 2956 1000 3021 ita
1020 2956 1201 3041 suppletur:
1230 2961 1360 3019 veretur
1383 2953 1536 3018 araneo
1605 2927 1606 3017 l

430 3071 631 3157 (,vcrmibus‘
652 3071 704 3147 1.).
724 3113 745 3120 --
769 3073 798 3157 6.
811 3073 849 3140 at
862 3074 961 3139 verba
982 3094 1036 3137 nec
1054 3078 1112 3136 nist
1129 3079 1207 3152 pilos
1230 3081 1377 3151 atttopere
1391 3071 1535 3153 corrupte

429 3207 502 3252 esse
524 3188 677 3275 intelligo,
700 3190 871 3255 emendare
893 3212 958 3256 non
980 3189 1093 3270 audeo,
1114 3189 1175 3253 nisi
1194 3189 1276 3254 forte
1290 3212 1345 3256 nec
1359 3198 1423 3256 nisi
1442 3193 1535 3270 piloso

429 3312 556 3384 uttipere
577 3306 779 3371 scribendum
802 3310 870 3373 erit.
971 3341 976 3351 »

345 3441 491 3514 645-46
511 3512 516 3524 „
876 3448 924 3522 sl
939 3474 971 3503 =
989 3448 1083 3536 4,30.

477 3572 761 3659 Potentissimae
793 3575 1067 3671 (cantharides)
1089 3635 1120 3654 ..
1151 3577 1271 3666 uariae
1298 3621 1358 3669 —-,
1387 3577 1532 3656 uniltutu

478 3707 657 3809 pingues,
683 3709 878 3786 inertiores
898 3708 1058 3784 minutae
1085 3708 1151 3785 rel.

513 3842 554 3907 V.
575 3849 695 3908 muttum
716 3861 788 3906 cum
804 3840 942 3927 positivo
964 3840 1116 3905 edieotivi
1136 3840 1286 3926 coniungi
1308 3863 1329 3906 e
1351 3843 1454 3908 Plinio
1476 3859 1531 3906 non

431 3960 576 4024 memini:
608 3980 682 4024 cum
703 3959 921 4044 comparativo
943 3958 1112 4045 copuletur
1132 3955 1203 4023 XV.
1226 3956 1276 4023 68.
1299 3960 1410 4044 ltaque
1432 3961 1532 4046 legere

428 4079 588 4159 praestat:
607 4082 751 4155 pinques
773 4083 895 4142 multum
916 4082 1084 4141 inertiores.
1106 4073 1303 4138 Aduerbium
1327 4090 1434 4142 contro
1456 4073 1528 4162 §.st

430 4189 562 4255 ebonis
585 4190 677 4255 codd.
700 4193 937 4259 restituendum
959 4198 1018 4258 est.
1115 4226 1118 4242 ·

348 4336 409 4405 647
866 4332 1095 4419 102=5,32.

480 4459 635 4540 Lacerta
661 4479 769 4558 quarn
795 4457 956 4572 bisepa,
983 4458 1043 4536 alii
1067 4457 1300 4536 chalcidicen
1327 4469 1473 4538 vocant.

518 4600 602 4676 tropo
635 4592 710 4673 Vd,
751 4589 838 4655 unde
874 4589 993 4656 additis
1029 4611 1112 4676 quae
1144 4590 1331 4677 erciderant
1361 4593 1471 4658 titteris
1502 4589 1527 4655 id
1602 4618 1603 4704 p

432 4712 517 4797 quod
539 4713 689 4798 proxima
709 4729 788 4776 voce
809 4708 981 4794 requiritur
1001 4714 1055 4772 altr·
1074 4727 1148 4788 repo
1170 4705 1317 4794 prodibit.
