3567 5559
426 704 448 772 4
876 705 969 769 diter
989 705 1078 770 XVI.

425 902 548 969 meritis
585 901 733 968 laudibus
765 901 880 983 extuli,
926 907 959 966 ct
979 901 1231 988 Mayhoflius
1269 900 1405 967 iuvenis
1433 897 1526 964 erudi·

425 1021 584 1102 tissimus,
621 1019 849 1104 elegantissimi
884 1027 995 1084 auctor
1022 1020 1121 1084 libelli
1148 1039 1243 1105 quem
1271 1016 1529 1094 lucubrationum
1574 1076 1576 1082 .

425 1138 640 1202 Pliuiauarum
668 1134 775 1220 capita
800 1136 862 1198 tris
893 1136 1063 1221 inscripsit.
1091 1135 1269 1221 Utrumque
1290 1135 1445 1200 libellum
1467 1151 1529 1195 sero

426 1254 468 1319 ad
481 1274 533 1318 me
546 1253 677 1318 allatum
700 1250 780 1315 esse
795 1251 905 1336 doleo,
926 1227 1031 1338 neque
1053 1259 1160 1316 tamen
1183 1251 1261 1316 nihil
1281 1251 1364 1316 inde
1389 1252 1425 1314 in
1446 1267 1531 1312 usum

286 1369 292 1387 ⁸
424 1391 533 1435 meum
561 1374 747 1434 convertere
774 1368 871 1432 licuit.
915 1368 1038 1442 Quibus
1061 1370 1161 1462 copiis
1184 1375 1221 1433 ut
1242 1387 1367 1453 operae
1392 1367 1532 1432 chartae·

424 1507 486 1574 que
509 1505 674 1572 parcerem
695 1486 742 1550 ita
762 1486 810 1550 uti
830 1486 954 1550 institui
975 1493 1010 1550 ut
1029 1487 1140 1551 omnia
1161 1505 1244 1570 quae
1267 1485 1306 1549 ab
1320 1487 1411 1550 Iano
1432 1501 1533 1546 emen-

424 1604 500 1669 data
520 1603 706 1667 viderentur
725 1603 1030 1688 praetermitterem,
1066 1603 1105 1668 de
1126 1603 1165 1666 iis
1187 1623 1313 1688 quoque
1343 1602 1448 1681 locis,
1488 1596 1534 1682 qui

424 1740 444 1785 a
466 1719 587 1806 Silligio
608 1720 724 1784 vel'ab
746 1720 817 1784 aliis
838 1721 952 1784 melius
976 1720 1141 1785 constituti
1164 1725 1288 1802 essent,
1310 1719 1460 1783 liberum
1478 1714 1534 1776 lec·

422 1838 502 1902 turia
525 1836 677 1902 iudicium
699 1837 930 1921 relinquerem,
954 1836 993 1901 de
1014 1837 1053 1902 iis
1077 1838 1153 1901 solis
1166 1857 1295 1921 agerem
1307 1836 1366 1921 qui
1383 1839 1446 1898 aut
1459 1849 1533 1894 non·

423 1955 500 2020 dum
522 1955 655 2020 correcti
676 1961 771 2019 suta
792 1954 935 2040 meipso
957 1954 991 2018 in
1013 1953 1262 2018 chrestomsthia
1282 1974 1348 2018 nou
1370 1951 1457 2015 satis
1483 1967 1533 2011 cx·

421 2072 524 2160 pediti
547 2092 619 2137 esse
639 2071 832 2138 riderentur.

1607 2359 1610 2418 l

860 2503 1086 2580 ιιιιιιιιι.
1182 2582 1192 2614 ,ι
1602 2506 1610 2682 q

470 2643 474 2657 ι
502 2675 554 2741 Ad
576 2676 661 2756 hunc
680 2674 796 2739 librum
825 2642 989 2761 sSilligio
1019 2677 1079 2763 toti
1106 2675 1213 2740 collati
1235 2681 1310 2740 sunt
1331 2674 1439 2741 Oodd.
1463 2669 1525 2749 ad,
1605 2683 1606 2696 ¹

418 2794 534 2879 partim
556 2793 583 2857 T
602 2800 635 2857 et
655 2796 697 2866 D.
717 2793 805 2858 Inter
826 2814 907 2879 quos
928 2813 1007 2878 prae
1028 2793 1158 2879 reliquis
1180 2794 1299 2857 eminet
1319 2792 1367 2856 Ι)2
1389 2791 1445 2857 cui
1467 2786 1523 2852 soli
1604 2817 1606 2846 ι

419 2909 661 2995 posthabendus
675 2895 725 2975 est
746 2932 775 2975 a.
819 2910 934 2976 Codex
956 2914 1147 2995 archetypus
1168 2910 1312 2997 pluribus
1333 2909 1464 2976 mendis
1478 2906 1520 2968 la·
1604 2875 1605 2901 ¹

418 3028 550 3123 borasse
572 3028 732 3112 putandus
754 3034 820 3103 ests
849 3027 1019 3093 nonnullas
1041 3026 1202 3112 longiores
1224 3027 1457 3115 brevioresque
1477 3023 1520 3088 lc·

419 3163 518 3207 cunas
540 3143 832 3229 deprehendemus,
875 3145 974 3209 verba
1002 3145 1052 3210 vol
1081 3145 1177 3208 etiam
1199 3150 1283 3209 totos
1312 3125 1437 3227 versus,
1469 3137 1520 3226 qui
1607 3179 1610 3204 ι

417 3259 547 3325 XXVII
573 3260 752 3325 litterarum
774 3261 842 3324 iere
864 3281 1032 3325 numerum
1056 3261 1238 3370 explebant,
1261 3282 1319 3326 suc
1342 3260 1448 3326 ordini
1470 3276 1515 3320 re·

418 3375 604 3457 stituemus,
636 3376 758 3440 litteras
782 3386 837 3440 aut
858 3377 943 3440 male
966 3376 1084 3440 divisas
1106 3385 1162 3466 apt
1182 3385 1311 3464 corrupt
1312 3400 1348 3443 as
1298 3375 1519 3444 t·emenda
1608 3361 1610 3430 l

417 3491 539 3572 bimus,
560 3492 848 3598 interpunctionem
869 3493 1031 3596 interdum
1054 3497 1259 3581 corrigemus,
1282 3497 1335 3562 hic
1354 3497 1420 3562 illic
1438 3493 1517 3581 glos·

417 3614 541 3674 semota
562 3608 793 3694 expungemus
815 3609 844 3695 S.
857 3612 914 3676 1-
922 3589 1031 3678 16:111
1053 3611 1303 3680 chrestomathra
1323 3635 1354 3700 p
1369 3615 1433 3684 200
1454 3627 1516 3695 sqq

383 3720 386 3726 ’
415 3727 633 3791 tractavimus

331 3867 393 3936 255
875 3859 979 3935 16:
934 3864 1113 3950 -5,6

496 3967 752 4083 Theophrastum
767 3997 825 4064 HI.
847 4001 930 4068 ut.
954 4008 1083 4098 secutus
1098 4000 1348 4087 glandiferarum
1370 3891 1610 4068 mucroni

414 4111 629 4178 differentium
644 4116 691 4178 its
711 4117 858 4199 exponit:
1607 4065 1610 4240 i

464 4238 609 4315 distent
626 4240 757 4333 fructu,
783 4242 865 4334 situ,
894 4265 999 4335 sexu,
1027 4267 1179 4346 sapore;
1193 4245 1511 4348 nemqueslialu

462 4394 558 4472 gese
583 4370 713 4472 glandi
738 4373 871 4472 figura,
898 4398 1061 4474 quernae
1088 4385 1124 4453 et
1150 4377 1222 4455 alia
1246 4380 1394 4480 ilignae.

497 4520 549 4586 Sic
563 4520 656 4586 codd.
679 4520 755 4605 ad3
778 4507 859 4587 ente
874 4544 1006 4604 qumnue
1021 4547 1051 4592 ι.
1066 4531 1128 4590 ulio
1145 4528 1185 4592 ab
1209 4529 1414 4595 editoribus'
1404 4527 1510 4596 rusori-

306 4684 308 4687 .
412 4645 473 4722 tur,
495 4640 536 4705 ab
557 4639 637 4705 Iano
659 4639 773 4704 melius
794 4641 926 4726 legitur:
948 4637 1164 4722 pomerolis
1186 4652 1351 4726 etruscae.
1381 4679 1385 4686 1
