3567 5559
416 580 461 647 30
884 572 985 639 faber
1004 572 1060 638 ΙΙ.

358 801 401 869 38
895 740 1080 837 Πήίίθιιὶ.ι

468 916 591 1019 rapuit
624 925 663 991 et
695 914 734 989 in
767 910 896 989 Sicilia
927 909 1113 986 dimidiam
1147 905 1365 1007 Tyndarida
1398 908 1528 981 urbem

469 1053 541 1159 [ac
574 1048 798 1150 quidquid
831 1051 883 1124 ab
911 1046 1052 1131 Italia
1087 1040 1254 1146 deest].

501 1202 624 1267 Ultima
638 1199 743 1266 verba
763 1218 831 1261 non
842 1198 1002 1262 auderem
1014 1197 1049 1261 in
1063 1194 1291 1281 suspicionem
1306 1211 1443 1277 vocare,
1464 1191 1529 1257 nisi
1603 1172 1607 1181 ’

416 1322 551 1389 abunde
570 1320 636 1385 iam
657 1325 816 1383 constare
836 1325 1003 1400 putarem,
1023 1334 1122 1399 quarn
1143 1312 1286 1377 licenter
1296 1312 1328 1376 in
1341 1310 1409 1377 hoe
1422 1330 1527 1395 opere
1635 1280 1636 1283 Ἴ

416 1437 666 1529 interpolatoris
689 1454 807 1501 nunus
831 1442 1010 1519 grassatae
1036 1442 1163 1497 essent.
1212 1430 1322 1505 Quum
1345 1428 1429 1493 enim
1452 1446 1527 1493 eum

417 1561 567 1627 ordinem
588 1554 733 1620 tenuerit
754 1551 878 1619 Plinius
906 1562 943 1618 ut
962 1550 1073 1639 §.toa
1100 1550 1142 1615 de
1161 1548 1279 1623 insulis
1302 1558 1416 1615 terrae
1436 1556 1528 1613 motu

416 1678 516 1771 iactis
544 1658 744 1761 disputaret,
773 1689 912 1757 quarum
940 1668 1097 1755 primam,
1113 1656 1161 1733 *ut
1191 1667 1352 1748 decebat,
1381 1666 1525 1733 Siciliam

417 1789 705 1873 commemoravit,
735 1787 854 1853 deinde
875 1785 1004 1851 insulas
1025 1796 1136 1852 terrae
1156 1786 1287 1853 iunctas
1308 1794 1342 1851 et
1363 1796 1471 1851 terras
1493 1785 1527 1850 in

416 1926 520 1982 totum
543 1910 694 1980 sublatas
716 1916 929 1974 enumeraret
940 1880 975 1987 x§.
986 1904 1066 1984 205,
1091 1905 1157 1971 iarn
1184 1906 1283 1972 litora
1304 1924 1437 1991 quoque
1459 1878 1527 1967 mass

415 2034 464 2102 iis
484 2033 643 2100 violentia
663 2030 833 2096 imminuta
855 2047 935 2094 esse
957 2034 1083 2104 narrat,
1104 2044 1125 2090 a
1147 2024 1266 2111 quibus
1286 2021 1408 2089 fretum
1430 2022 1527 2089 Siou-

417 2153 529 2222 culum
549 2153 693 2217 alienum
715 2162 779 2216 est.
817 2150 936 2245 ‘ltaque
967 2167 1041 2228 „ac
1061 2141 1221 2239 quidquid
1229 2148 1255 2185 “
1275 2144 1335 2210 rel.
1363 2151 1529 2229 posteaa

414 2272 552 2336 librario
574 2268 688 2333 addita
710 2286 791 2331 esse
812 2264 970 2329 arbitror.

356 2438 399 2503 ao
834 2409 1035 2501 21.r=or‚
1050 2407 1111 2481 99.

467 2574 607 2651 Omnes
641 2574 763 2639 autem
796 2569 921 2636 aestus
954 2558 991 2632 in
1021 2578 1160 2632 oceano
1188 2553 1326 2630 maiora
1357 2554 1530 2653 integunt

466 2706 584 2809 spatia
596 2698 893 2799 in‘undantque
908 2720 1015 2796 quam
1030 2693 1067 2768 in
1080 2690 1225 2793 reliquo
1235 2690 1340 2787 mari,
1347 2690 1425 2769 sive
1440 2690 1530 2791 qnia

465 2855 582 2923 totum
594 2836 836 2937 universitate
856 2832 1057 2911 animosius
1083 2854 1191 2931 quarn
1216 2838 1352 2929 parte
1377 2836 1436 2903 est
1460 2834 1527 2901 rel.

500 2995 646 3061 Primum
668 2990 802 3057 eeodd.
815 2988 893 3053 Aad
920 2984 1147 3071 recipiendum
1169 2992 1222 3049 est
1242 2978 1439 3072 nutaretque
1458 2997 1528 3062 quo

415 3116 582 3186 recedens
596 3122 711 3178 aestus
721 3109 903 3181 indicatum
927 3103 1049 3170 deinde
1064 3102 1098 3166 in
1116 3099 1183 3167 tine
1198 3118 1320 3165 seusus
1334 3096 1529 3182 legendum:

457 3237 536 3333 quia
557 3242 659 3297 totum
679 3229 720 3292 in
740 3224 956 3289 universitate
976 3220 1154 3285 aninsosius
1178 3240 1278 3312 quom
1295 3224 1424 3302 portes
1443 3222 1502 3279 est.

501 3356 723 3439 Opponuntur
745 3343 832 3411 enim
852 3348 957 3404 totum
979 3347 1013 3401 et
1041 3347 1155 3420 partes
1185 3336 1304 3421 quibus
1324 3332 1530 3407 universitas

414 3478 475 3543 ie.
496 3473 686 3540 universum
707 3454 1001 3547 (oll.§.1a,111.l)
1024 3461 1164 3518 constat.
1213 3452 1324 3538 Atque
1344 3451 1445 3520 talem
1468 3470 1531 3515 ρο.

418 3597 484 3661 dex
513 3589 658 3677 optimus
682 3583 715 3651 A
741 3581 853 3647 locum
872 3571 1039 3641 luculente
1065 3570 1217 3651 exhibet,
1246 3570 1311 3637 nisi
1339 3568 1429 3656 quod
1456 3567 1531 3633 levi

416 3732 533 3782 errore
553 3707 640 3775 siout
660 3699 778 3787 reliqui
799 3698 874 3766 libri
895 3705 991 3784 parte
1010 3690 1158 3776 scripsit.

357 3893 400 3959 40
835 3870 1109 3968 ara=or,9o.

467 4088 518 4103 -
543 3993 779 4141 quoniamst
803 4030 841 4109 in
868 4050 1026 4127 corpore
1056 4030 1223 4101 extrema
1248 4020 1393 4119 pulsnm
1415 4040 1530 4094 vena-

466 4200 549 4256 rum
577 4172 639 4279 [id
665 4177 735 4246 est
759 4160 975 4267 spiritus]
1002 4158 1117 4261 magis
1141 4156 1315 4235 sentiunt

443 4334 455 4349 ’
500 4325 667 4414 „Spiritus
678 4312 1065 4402 semitae“appellantur
1077 4308 1223 4377 arteriae
1242 4300 1532 4389 xl.218‚qutppe

416 4469 503 4540 quae
511 4442 669 4533 „vitalem
678 4439 847 4507 coniuent
860 4432 1036 4522 spiritnm“
1045 4426 1200 4515 (thaat),
1215 4425 1311 4492 onius
1320 4422 1388 4489 loci
1399 4440 1533 4488 memor

415 4565 634 4656 interpolator
652 4560 801 4647 ineptam
815 4552 1063 4624 annotationem
1083 4547 1145 4632 „id
1159 4556 1211 4615 est
1224 4542 1391 4677 spiritus:
1403 4540 1464 4611 lnl.
1476 4540 1530 4607 in-
