3567 5559
454 729 515 798 100
909 741 1002 804 [tter
1020 741 1098 806 n.

452 929 590 1017 ταύτης,
617 929 822 996 Dioscorides
840 931 961 1019 nquit,
991 929 1160 1022 ama
1181 937 1380 1018 amma„
1404 934 1490 1002 aa„
1508 929 1554 1001 a.
1611 906 1612 989 l

453 1049 548 1126 λείως
568 1045 721 1138 ἆδρυνθῇ
751 1053 883 1138 θέρους,
916 1057 974 1116 καὶ
992 1054 1170 1138 &pamm
1189 1051 1410 1136 ὢιοτιῖααις
1432 1072 1557 1118 aeuum·

454 1165 518 1230 tius
540 1164 708 1230 uehentum
730 1165 822 1230 tundi
836 1166 961 1232 Plinius
982 1175 1101 1236 nanae
1143 1170 1356 1236 Serihendum
1376 1177 1433 1236 est
1454 1170 1558 1255 igitur:

496 1321 537 1334 -
556 1289 668 1348 suntne
687 1303 818 1364 muruco.
843 1289 895 1349 Ex
914 1289 974 1351 hoe
993 1291 1056 1350 aaa
1074 1293 1262 1368 aplerrdorem
1283 1293 1429 1368 aalma
1452 1299 1561 1353 aestate

495 1405 632 1466 tunditur
651 1407 682 1466 or
695 1406 763 1482 pta
783 1401 840 1466 rel.

372 1576 434 1644 442
875 1540 1131 1628 209=19,80.

503 1669 664 1748 Tertium
688 1689 810 1768 genus
836 1676 895 1746 est
919 1668 1137 1770 tithymalon
1163 1715 1207 1727 -
1235 1695 1395 1754 mecona
1420 1677 1561 1759 vocant

506 1805 566 1882 alii
591 1797 768 1903 paralion,
793 1845 841 1856 —
867 1800 957 1880 lolio
984 1799 1067 1896 lini,
1094 1801 1191 1894 albo,
1232 1807 1353 1906 eapite
1379 1806 1563 1908 magnitu-

509 1936 604 2014 dinis
628 1933 747 2010 labae.

538 2069 629 2148 Folia
654 2067 713 2130 flos
745 2073 842 2152 eaput
871 2086 890 2130 a
911 2066 1101 2132 Diosooride
1121 2066 1178 2132 IV.
1200 2068 1261 2136 162
1292 2069 1425 2155 planius
1450 2066 1560 2133 deseri·

455 2190 589 2254 buntur:
633 2184 747 2249 eadem
776 2183 921 2250 aPhnio
949 2191 1177 2250 enumerantur
1205 2186 1322 2251 omnia
1365 2187 1459 2252 Nam
1488 2201 1562 2272 quae

456 2306 544 2392 ἄνθη
558 2305 659 2370 λευκά
677 2303 819 2366 Graeous
836 2309 947 2367 auctor
959 2303 1229 2386 commemoravit,
1251 2324 1291 2369 ea
1306 2303 1339 2368 in
1350 2305 1450 2372 oodd.
1463 2275 1496 2368 V
1507 2299 1560 2366 'll

391 2497 398 2508 ¹
455 2419 611 2488 voeabula
644 2423 721 2496 folio
758 2419 841 2482 male
872 2420 1010 2506 repetito
1046 2419 1273 2502 obscurantur,
1316 2442 1380 2507 quo
1421 2425 1561 2488 nonesto

455 2539 581 2626 legatur
603 2542 745 2623 oportet:
1535 2537 1547 2552 ⁹

494 2661 571 2735 folio
594 2659 656 2736 lint,
675 2656 779 2730 [lore
800 2658 868 2718 alto
890 2654 947 2719 rol.
1289 2741 1295 2751 ·

540 2775 569 2860 8.
590 2772 653 2842 210
675 2791 740 2836 non
757 2778 872 2854 peplin,
895 2769 969 2852 sed,
1001 2777 1037 2834 ut
1058 2769 1133 2834 ante
1152 2769 1358 2838 Hardmnum
1384 2773 1560 2860 legebatur,

454 2900 576 2974 peplr‘on
603 2890 726 2955 Plinius
748 2890 977 2954 nominaverat.
999 2887 1028 2972 8.
1049 2887 1112 2954 219
1134 2893 1339 2974 Pythoporue,
1360 2891 1474 2976 8222
1494 2905 1557 2954 oum

456 3010 615 3076 Salmaaio
644 3011 815 3104 molochen,
846 3006 876 3090 8.
898 3006 961 3074 223
982 3005 1120 3070 fortasse
1148 3019 1182 3071 at
1209 3013 1332 3072 aculeos
1358 3005 1558 3075 scribendum

455 3135 514 3211 eat,
535 3126 692 3212 Apuleius
714 3125 815 3207 enim,
848 3125 903 3210 qui
924 3123 1020 3210 paulo
1042 3131 1125 3188 ante
1140 3119 1228 3222 reete
1247 3137 1390 3190 seruntur
1409 3123 1555 3200 habebat,

454 3245 506 3308 hio
527 3249 571 3319 aa
592 3263 637 3307 uo.
662 3241 800 3306 exhibet.
823 3239 852 3326 8.
875 3240 937 3308 227
957 3240 1121 3326 vulgatam
1148 3235 1320 3308 lectionem
1341 3254 1438 3308 ut-
1460 3243 1558 3308 tradas
1609 3250 1610 3255 ’

453 3360 576 3448 probo,
609 3380 678 3424 voe.
701 3365 885 3444 corruptum
919 3364 1087 3426 curationis
1113 3379 1185 3424 oum
1220 3360 1361 3426 editione
1388 3353 1556 3428 Parisiensi

453 3484 560 3544 vetere
584 3496 680 3563 quam
708 3475 888 3552 Gronovius
909 3477 1050 3562 inspexit
1079 3477 1111 3541 in
1133 3483 1258 3543 cubitat·
1277 3479 1470 3562 mutandum
1490 3490 1554 3541 esse

452 3615 579 3662 oenseo.
609 3631 620 3642 -

368 3768 431 3835 443
630 3765 699 3842 231
715 3765 891 3856 =2l,85.
921 3764 990 3856 (de
1016 3761 1166 3863 lapatho
1193 3761 1374 3862 loquitur)

359 3905 361 3910 '
501 3888 558 3976 est
582 3906 705 3976 antem
741 3903 778 3973 et
804 3895 976 3973 silvestre
1012 3894 1114 3993 qnod
1141 3894 1201 3971 alii
1243 3893 1392 3972 oxalida
1430 3887 1549 3996 appel·

499 4029 585 4121 lant,
613 4053 746 4130 sapore
773 4029 990 4130 proximum,
1016 4025 1116 4106 loliis
1138 4029 1267 4120 acatio,
1294 4027 1435 4142 colore·
1450 4027 1549 4106 hetae
1607 4130 1608 4139 Ν

499 4162 697 4252 candidae,
727 4162 852 4238 radice
878 4160 1042 4253 minima,
1085 4158 1214 4247 [nostri
1238 4183 1328 4238 vero
1355 4161 1548 4252 rmnioeml
1607 4152 1608 4189 ³

348 4299 353 4306 ’
411 4333 417 4344 ‚
499 4293 558 4370 alii
584 4292 771 4395 lapathum
799 4293 1064 4385 cantherinum,
1100 4294 1147 4371 ad
1175 4300 1332 4370 strumas
1360 4338 1404 4351 -
1434 4293 1547 4372 effim-

499 4425 693 4504 oissimum.
748 4425 816 4530 Est
841 4432 878 4502 et
903 4425 1059 4503 alterum
1091 4449 1214 4526 genus
1237 4427 1326 4519 lere,
1355 4469 1400 4484 -
1428 4423 1546 4526 oxyla-

496 4559 635 4664 path‘on
662 4567 814 4660 vocant,
841 4602 890 4616 —
917 4559 1036 4636 sativo
1062 4558 1283 4659 mquidem
1310 4558 1482 4650 similius,
1507 4594 1542 4615 ·

497 4697 566 4775 sed
592 4697 756 4774 acutiora
779 4690 867 4771 folia
892 4714 938 4769 ao
963 4692 1129 4770 rubriora
1154 4690 1221 4768 rel.
