3567 5559
702 507 804 574 Libet·
825 510 913 580 Vn.
1300 513 1362 580 lte

232 691 428 777 legendum
459 708 553 756 eese-
568 693 785 760 conieceram
809 715 930 760 -creem
963 702 1001 760 et
1027 695 1364 782 cinanmomum

232 813 323 878 loco
350 811 449 875 Plinii
468 811 613 876 XXXV.
634 813 685 878 97.
705 813 788 896 (10.)
809 815 934 898 evinci,
962 814 1088 883 curiam
1110 815 1225 882 lulium
1246 818 1358 884 ineen·

232 933 297 997 dio
317 931 519 996 Neroniano
540 951 609 995 non
632 949 712 996 esse
733 942 980 1014 consumptam.
1034 931 1133 1005 Quod
1155 953 1230 998 eum
1252 934 1356 1020 Berg-

232 1050 334 1113 kinrn
344 1049 390 1113 V.
404 1047 444 1114 D.
456 1049 600 1131 latuerit,
614 1060 713 1135 quum
725 1050 797 1114 lnd.
810 1049 970 1134 praelect.
982 1050 1092 1116 Marb.
1105 1070 1135 1118 a.
1147 1050 1356 1120 MDGGGLl.

232 1167 331 1251 p.X
352 1167 473 1231 iisdem
496 1166 608 1232 verbis
629 1167 673 1231 ad
695 1164 790 1232 litem-
808 1185 895 1252 quae
921 1165 997 1232 olim
1025 1168 1249 1235 iustoacrius
1269 1170 1357 1238 inter

232 1283 435 1350 Beckerum
455 1297 491 1348 et
512 1304 565 1348 me
586 1285 820 1369 agitataerat,
842 1284 1059 1351 dirimendam
1081 1297 1241 1367 uteretur,
1264 1287 1357 1356 hune

231 1423 378 1487 qnoque
406 1402 651 1482 coniecturam,
675 1423 763 1487 quae
786 1401 904 1487 Silligii
927 1404 1129 1488 diligentiam
1159 1428 1226 1472 noo
1259 1406 1355 1492 fugit,

232 1522 293 1586 bic
315 1533 477 1606 repetere
496 1533 598 1607 atque
620 1522 721 1606 paulo
742 1524 880 1588 uberius
902 1544 1074 1607 exponere
1099 1522 1221 1590 licebit.
1264 1526 1353 1592 Fieri

232 1643 326 1707 enim
348 1660 529 1726 numquam
550 1641 700 1724 potuisse
721 1652 757 1704 ut
780 1641 812 1704 ei
832 1641 889 1725 qui
911 1639 1066 1706 aGuriae
1087 1643 1247 1727 gradibus
1268 1644 1354 1710 solid

233 1780 404 1826 occasum
413 1760 625 1835 observaret,
645 1779 668 1822 a
682 1758 981 1824 colomnaMaenia
1003 1761 1047 1824 ad
1064 1778 1234 1828 carcerem
1257 1765 1353 1832 sidua

232 1879 394 1944 inclinari
416 1879 603 1960 videretur,
623 1877 655 1940 id
677 1888 714 1941 et
732 1878 775 1941 ab
798 1877 952 1941 omnibus
973 1879 1029 1962 qui
1042 1878 1166 1943 curiam
1178 1877 1354 1946 Hostiliam

233 1994 452 2082 gravissimis
475 1992 680 2076 argumentis
703 1992 847 2075 permoti
872 1993 905 2056 in
932 2011 972 2056 ea
1000 1992 1064 2058 lori
1086 1993 1227 2060 Romani
1255 2005 1351 2080 perte

232 2115 510 2190 collocaverunt,
536 2133 626 2196 quae
643 2113 689 2175 ad
707 2113 877 2178 meridiem
899 2113 1126 2199 orientemque
1148 2128 1308 2200 spectans
1330 2137 1353 2184 a

233 2236 336 2302 novis
358 2235 508 2299 tabernis
529 2233 714 2317 antiquitus·
729 2232 982 2316 appellabatur,
1006 2244 1221 2318 perspectum
1242 2244 1353 2300 estet

235 2351 387 2438 qnotidie
406 2352 540 2417 Rarum
559 2351 747 2436 ‘urtelligerc
769 2353 858 2418 licet.
912 2354 1052 2419 Tantum
1076 2357 1161 2420 enim
1190 2357 1287 2422 abest
1313 2368 1352 2438 ut

233 2474 289 2542 sol
312 2495 422 2560 prope
440 2479 620 2540 carcerem
637 2476 840 2554 oceidessnt
853 2495 874 2539 a
888 2477 1027 2561 regione
1045 2477 1193 2542 carceris
1209 2495 1351 2542 emenso

232 2595 335 2661 caelo
363 2592 569 2658 meridionali
592 2593 642 2656 ad
670 2613 760 2671 cam,
783 2593 839 2658 ubi
864 2592 1020 2659 columna
1044 2593 1181 2660 Maenia
1208 2594 1352 2660 stetisse

234 2715 388 2801 putanda
413 2723 480 2792 est,
510 2724 545 2778 et
565 2712 765 2797 Capitolium
793 2713 974 2778 inclinetur
1001 2724 1034 2776 et
1056 2712 1199 2778 Tiberim
1227 2734 1349 2780 versus

233 2855 256 2897 a
281 2833 425 2900 sinistra
449 2843 545 2916 parte
571 2829 726 2916 Capitolii
751 2852 797 2895 ex
823 2827 933 2894 oculis
957 2829 1126 2894 hominurn
1155 2841 1349 2896 evanescat.

235 2955 469 3034 Garcerfenim
489 2953 576 3017 inter
593 2952 757 3017 orientem
772 2961 806 3016 et
817 2949 1083 3034 septentrionem
1101 2949 1166 3016 lori
1187 2951 1271 3015 situs
1283 2960 1347 3017 eet.

234 3078 458 3160 Quapropter
467 3067 887 3136 Baneen.l)escr.U.Rom.
900 3064 964 3132 vol.
972 3065 1025 3130 lll.
1041 3067 1073 3151 p.
1084 3067 1121 3134 ll.
1133 3089 1165 3151 p.
1172 3066 1225 3132 ta
1240 3068 1351 3152 ipsam

234 3193 429 3257 columnam
448 3189 491 3252 ad
513 3205 690 3251 carcerem
711 3185 809 3250 eitam
830 3182 938 3249 fuisse
961 3185 1103 3269 putavit,
1130 3197 1150 3250 e
1178 3187 1272 3252 cuius
1294 3185 1349 3251 fa-

235 3313 336 3396 stigio
359 3327 528 3373 accensus
551 3303 741 3383 consulum,
764 3303 819 3368 ubi
840 3301 945 3395 solem
968 3303 1122 3369 inclinari
1143 3304 1197 3369 vel
1211 3303 1346 3390 Capito-

234 3429 279 3495 lio
310 3425 477 3494 abscondi
506 3422 815 3499 artintedvertisset,
859 3435 1050 3506 supremam
1082 3426 1344 3507 pronuntiasset.

236 3549 347 3621 Quem
373 3542 631 3627 explicationem
655 3541 808 3604 ¹certatim
836 3557 859 3603 a
879 3541 962 3604 viris
984 3539 1098 3606 doctis'
1117 3541 1259 3608 refutem
1283 3541 1347 3625 (cs.

234 3666 374 3734 lllriller.
395 3667 429 3729 in
442 3661 563 3730 Bullet.
574 3661 675 3726 instit.
686 3659 859 3727 arubaeol.
874 3657 966 3724 1839.
976 3681 1013 3743 p.
1027 3659 1089 3724 170
1101 3681 1195 3747 sqq,
1217 3662 1347 3728 Osann.

235 3785 291 3849 De
303 3783 370 3850 col.
381 3783 515 3847 Maenia
527 3781 697 3867 p.8sqq.,
718 3779 865 3846 Becker.
879 3779 976 3844 Rom.
988 3781 1089 3864 antiq.
1100 3781 1168 3845 vol.
1184 3781 1208 3845 l.
1222 3802 1254 3863 p.
1266 3781 1345 3867 329)

236 3923 302 3988 ego
325 3919 457 3986 quoqne
477 3901 511 3962 in
534 3897 647 3962 libello
671 3902 790 3962 contra
810 3896 1002 3961 Beckerum
1023 3897 1347 3980 scripto·Rbm.To.

234 4019 380 4106 pogr.in
395 4018 538 4103 Leipzig
551 4040 585 4101 p.
597 4017 652 4087 dd.
676 4015 798 4082 falsam
817 4034 897 4080 esse
921 4011 1078 4078 intellexi.
1107 4015 1191 4079 Nem
1203 4026 1239 4081 ut
1254 4017 1346 4082 omit-

234 4151 303 4204 tam
324 4155 520 4220 supremam
541 4155 609 4200 noa
629 4136 663 4200 in
683 4133 764 4200 loro
784 4133 846 4200 sed
860 4133 1018 4199 Varrone
1038 4135 1126 4201 teste
1147 4135 1185 4203 L.
1201 4135 1240 4204 L.
1251 4135 1306 4208 Vl.
1316 4140 1345 4207 2.

232 4261 267 4322 in
287 4256 428 4322 comitio
444 4253 652 4338 pronuntiari
680 4251 811 4318 solitam
831 4271 929 4330 esse,
955 4260 988 4315 et
1019 4251 1090 4318 fieri
1116 4255 1172 4319 vix
1193 4259 1347 4342 potuisse

234 4388 271 4442 ut
287 4372 442 4462 qnotidie
459 4371 557 4438 scala
577 4371 712 4436 admeto
731 4370 766 4433 ie
788 4369 976 4434 columnam
997 4392 1164 4442 aecensus
1183 4377 1346 4442 ascende·

234 4506 297 4574 ret,
312 4490 497 4580 „inclinato
505 4489 643 4572 aidorcf‘
658 4499 864 4554 noneertum
878 4486 1015 4575 aliquod
1027 4491 1188 4590 temporis
1201 4509 1347 4556 momen·
