3567 5559
726 556 827 635 Iader
848 567 913 638 VI.
1332 573 1373 641 91

256 777 293 831 et
303 763 479 832 Antiocho
501 761 640 829 Seleuci
660 761 729 829 filio
754 763 847 830 missi
867 761 1014 847 fuerunt,
1039 767 1083 830 ad
1104 765 1374 834 Amitroehadem

253 883 391 950 scilicet
402 881 620 948 Sandrocotti
638 880 753 960 filium,
775 903 876 968 quem
903 882 1001 950 etiam
1015 883 1197 950 litterarum
1213 905 1372 952 commer-

255 1003 312 1068 cio
336 1023 415 1067 cum
424 1000 595 1067 Antiocho
617 1002 830 1066 coniunctum
851 1000 959 1066 fuisse
983 1014 1129 1085 constat,
1152 1002 1196 1070 of.
1210 1003 1321 1071 Strah.
1335 1007 1373 1070 ll.

255 1120 359 1206 p.70‚
374 1119 498 1184 Athen.
512 1116 602 1182 XIV.
616 1118 733 1206 pout.
755 1119 824 1184 lam
844 1140 928 1184 vero
952 1121 1129 1205 permirum
1150 1123 1294 1202 videtur,
1309 1122 1375 1190 Pli-

255 1240 351 1304 nium
366 1238 463 1304 varia
482 1237 651 1303 variorum
670 1235 830 1304 librorum
853 1236 1060 1324 exemplaria
1086 1241 1174 1305 inter
1194 1261 1234 1306 se
1258 1253 1375 1308 contu-

255 1356 348 1422 lisse
374 1366 471 1440 atque
499 1357 689 1442 scripturae
721 1335 965 1440 discrepantias
995 1369 1156 1424 accurate
1177 1371 1374 1442 annotasse,

261 1476 382 1539 mirum
402 1485 433 1538 et
455 1475 489 1539 in
514 1474 677 1540 immenso
700 1497 799 1562 quem
821 1485 1026 1562 susceperat
1045 1474 1163 1541 labore
1183 1476 1240 1544 vix
1266 1479 1375 1566 oredi-

262 1592 344 1659 bile.
372 1593 517 1658 Accedit
534 1593 623 1677 quod
643 1605 711 1658 tum
724 1593 926 1676 stadiorum,
946 1613 1014 1658 non
1035 1587 1245 1661 miliariorum
1259 1617 1374 1662 nume-

258 1733 320 1778 ros
344 1710 378 1775 in
399 1710 472 1776 aliis
488 1709 698 1776 Graecorum
720 1722 894 1778 auctorum
916 1711 1089 1779 codicibus
1108 1711 1205 1778 aliter
1224 1715 1373 1801 scriptos

259 1849 525 1897 commemorare
549 1831 706 1917 oportuit.
761 1829 915 1916 Denique
941 1830 1055 1896 verbis
1082 1830 1182 1896 valde
1211 1834 1373 1921 ambiguis

259 1960 295 2014 et
315 1948 484 2035 impeditis
506 1970 719 2014 numerorum
742 1947 948 2013 differentiae
971 1945 1202 2034 proferuntur.
1237 1949 1322 2016 Nam
1342 1963 1376 2018 et

260 2065 360 2153 §.62
382 2066 498 2134 verbis
521 2067 589 2148 „ln
614 2067 846 2152 quibusdam“
869 2063 931 2130 rel.
953 2077 1123 2132 structura
1145 2067 1246 2134 totius
1272 2089 1394 2141 enum,

262 2187 339 2250 tiati
353 2174 554 2271 pervertitur
570 2195 603 2251 et
616 2185 670 2270 qui
683 2184 715 2270 §.
727 2183 780 2250 63.
794 2183 975 2249 laudantur
996 2183 1099 2266 „alir‘
1118 2196 1152 2250 et
1165 2183 1375 2272 „plerique“,

267 2301 335 2370 etsi
356 2302 427 2369 libri
447 2303 536 2370 Mss.
557 2303 703 2385 fuerunt,
728 2324 840 2369 rernm
861 2303 1049 2391 scriptores
1075 2305 1230 2371 videntur
1254 2305 1372 2375 finisse.

264 2423 373 2497 Quam
399 2424 444 2488 ob
469 2443 541 2487 rem
563 2444 652 2509 quae
675 2423 772 2489 uncis
797 2422 992 2490 inclusimus
1021 2444 1091 2491 non
1115 2445 1136 2490 a
1159 2421 1266 2491 Plinio
1295 2449 1374 2513 pro-

261 2540 356 2608 secta
382 2564 464 2608 esse
486 2541 631 2608 arbitror
648 2554 681 2606 et
703 2562 790 2627 quae
803 2541 836 2605 h.
849 2541 872 2606 l.
889 2541 1068 2608 laudantur
1091 2544 1308 2630 exemplaria,
1333 2545 1373 2610 iis

262 2682 332 2726 non
348 2661 505 2728 Graecos
524 2661 630 2728 libros
655 2659 716 2726 sed
733 2660 840 2746 ipsius
863 2661 1013 2727 auctoris
1035 2639 1177 2728 codices'
1197 2662 1372 2740 contineri,

262 2801 352 2865 quos
381 2801 481 2864 quum
500 2780 534 2843 in
560 2780 705 2846 numeris
726 2801 795 2845 non
815 2781 1008 2845 consentire
1021 2777 1245 2845 intellexisset
1267 2799 1375 2864 gram·

261 2898 408 2963 malicus
436 2898 490 2982 qui
515 2898 559 2963 ad
579 2906 788 2963 vetustorum
809 2896 970 2962 librorum
996 2905 1156 2960 accurate
1178 2893 1377 2962 collatorum

262 3016 367 3080 fidem
388 3014 577 3103 exemplum
597 3015 687 3080 unde
708 3015 817 3078 nostri
839 3012 978 3080 codices
991 3012 1161 3079 fluxerunt
1177 3014 1377 3100 composuit,

264 3133 388 3201 sedulo
409 3135 443 3198 in
464 3133 610 3218 margine
636 3130 828 3216 scripturae
856 3150 956 3216 quam
981 3133 1157 3198 invenerat
1182 3132 1377 3198 varietatem

267 3253 451 3333 annotavit,
467 3251 557 3317 unde
575 3251 610 3317 in
624 3249 803 3336 archetypi
817 3260 942 3316 textum
954 3249 1117 3338 migravit.
1143 3251 1269 3317 lunium
1288 3251 1379 3319 illum

264 3371 481 3436 Laurenaunr
501 3370 574 3436 sive
586 3371 699 3456 potius
711 3367 950 3435 Laurentinum
963 3370 1051 3450 dico,
1075 3369 1108 3433 in
1127 3370 1377 3456 subscriptione

266 3488 398 3555 codicis
421 3487 455 3555 A
479 3490 522 3553 ad
549 3488 678 3555 calcem
702 3488 784 3554 libri.
800 3489 909 3576 quarti
935 3488 1148 3568 nominatum,
1171 3489 1237 3573 qui,
1258 3489 1379 3553 utiam

263 3630 299 3673 n.
324 3607 379 3674 39.
403 3606 675 3694 significavimus,
702 3607 843 3675 saeculo
862 3618 991 3695 quarto
1017 3620 1098 3694 post
1124 3607 1202 3673 Chr.
1228 3628 1261 3670 ιι.
1283 3605 1380 3672 Plinii

264 3748 357 3812 opus
386 3727 568 3792 recensuit.
624 3728 812 3813 Permagna
837 3729 925 3793 enirn
960 3746 1173 3790 numerorum
1203 3725 1381 3808 perturba-

266 3845 361 3910 tione
395 3842 485 3908 hauc
515 3844 775 3930 descriptionem
804 3845 982 3908 etiamnum
1011 3843 1171 3906 laborare
1206 3859 1247 3904 eo
1281 3860 1382 3924 prae-

269 3962 385 4028 sertim
411 3961 558 4027 ostendit
583 3960 895 4042 Schwanbeoltius‚
933 3960 1023 4044 quod
1059 3966 1199 4044 praeter
1223 3955 1382 4032 DCXXV

270 4078 339 4146 mil.
358 4099 454 4166 pass.
481 4079 594 4146 nullus
626 4083 670 4146 ad
696 4081 834 4168 plenam
860 4081 1043 4147 stadiorum
1065 4096 1253 4142 mensuram
1282 4095 1382 4144 revo-

267 4200 342 4266 cari
365 4207 503 4285 potest,
533 4210 566 4264 et
597 4199 765 4281 ultimum,
803 4220 869 4285 quo
905 4199 1050 4285 spatium
1077 4199 1163 4262 inter
1190 4196 1386 4264 Palibothra

267 4318 472 4405 Gangisque
499 4319 619 4384 ostium
646 4319 818 4400 delinitum
845 4319 881 4384 in
906 4315 1170 4386 DGGXXXVlll
1195 4315 1385 4384 mutandum

269 4458 352 4506 esse
373 4435 554 4504 Strabonis
579 4436 659 4505 loco
682 4437 759 4504 XV.
777 4461 812 4525 p.
825 4437 900 4505 699.
929 4436 1166 4522 comprobatur
1188 4435 1244 4520 qui
1266 4453 1285 4498 e
1311 4432 1388 4498 Me-

269 4557 440 4646 gasthene
464 4577 529 4624 sex
550 4556 639 4622 milia
664 4557 847 4624 stadiorum
872 4555 1031 4621 nominat.
