3567 5559
439 580 485 646 42
895 578 997 647 noer
1014 578 1094 647 m.

439 766 557 831 seran
576 767 670 852 quod
691 776 816 853 oponte
833 764 1047 853 intelligiarr‘l
1089 754 1203 851 At'qne
1225 764 1312 830 bane
1334 784 1440 831 caum
1459 758 1549 837 vide·

440 894 497 950 tur
520 884 643 964 luiaoe,
667 906 730 952 cur
751 888 923 953 Pintionus
951 898 985 951 et
1012 886 1250 969 Daleenmpiuo
1276 886 1364 950 iusto
1386 885 1548 951 audaciae

440 1004 609 1069 vocabula
628 1006 763 1069 Retinet
779 1028 900 1071 men
921 1005 1063 1071 delenda
1084 1025 1165 1069 esse
1186 1015 1376 1071 censerent.
1416 1003 1547 1069 Deinde

440 1123 564 1189 salsum
587 1134 641 1187 est
665 1124 755 1207 qnod
777 1145 799 1188 a
819 1124 926 1191 Plinio
947 1114 1035 1189 tradi
1060 1124 1202 1188 videtur.
1253 1124 1433 1209 Postquam
1462 1124 1548 1187 enim

440 1242 833 1325 aavnmoegaoomm
846 1241 953 1318 libris,
971 1253 1008 1305 nt
1018 1244 1171 1327 equidem
1183 1244 1338 1320 arbitror,
1354 1240 1395 1307 cf.
1405 1240 1548 1307 Ritsclal.

439 1360 481 1425 N.
491 1360 697 1425 lilanllben.
709 1359 764 1423 vl.
775 1358 894 1443 μω)
914 1360 1094 1425 Liburniae
1116 1360 1347 1427 etDalrnatiae
1368 1362 1466 1428 eitum
1486 1382 1549 1445 po-

440 1479 606 1566 pulosque
634 1479 836 1563 descripsit,
862 1476 961 1545 bellis
980 1480 1023 1543 ab
1041 1478 1231 1545 Octaviano
1259 1482 1366 1565 gestis
1392 1500 1455 1545 eae
1481 1500 1549 1544 mu

438 1600 585 1664 ationeo
603 1597 716 1663 factae
737 1606 826 1680 suut,
849 1616 938 1683 quae
951 1617 973 1662 a
987 1596 1092 1663 Plinio
1114 1610 1424 1666 commemorantur.
1452 1600 1549 1674 Quae

438 1718 538 1801 igitur
561 1717 717 1782 nationes
737 1715 781 1781 ab
801 1716 1006 1799 imperatore
1028 1718 1165 1782 excisae
1186 1730 1278 1797 sunt,
1300 1738 1321 1784 a
1343 1720 1475 1784 nemine
1494 1738 1548 1783 re·

439 1837 626 1903 centioram
645 1837 848 1920 scriptorum
867 1836 916 1899 ita
933 1836 1096 1901 nominari
1107 1848 1297 1925 potuerunt,
1319 1838 1416 1923 quasi
1437 1838 1549 1902 etiam-

438 1978 517 2023 num
538 1966 721 2026 exstarent.
763 1954 867 2041 Atqui
888 1972 910 2017 a
931 1955 1040 2029 multis
1061 1955 1227 2021 Taulantii
1249 1956 1471 2043 appellantur,
1488 1976 1549 2021 ve·

439 2076 498 2143 luti
515 2096 538 2139 a
559 2076 741 2162 Pomponio
764 2073 858 2139 Mela
870 2075 909 2137 ll.
921 2074 951 2140 3.
962 2076 1011 2161 ll,
1033 2075 1225 2143 Ptolemaeo
1236 2077 1286 2143 111.
1298 2076 1383 2154 133,
1391 2076 1550 2163 Appiano

437 2195 526 2279 lllyr.
542 2194 600 2273 16,
627 2195 763 2279 proprie
784 2195 865 2259 dieti
883 2194 987 2279 Illyrii
1009 2216 1030 2258 a
1050 2194 1157 2278 Mela,
1181 2196 1304 2279 Pyraei
1325 2197 1371 2259 ab'
1390 2196 1552 2281 Appiano

438 2289 493 2396 oni
514 2289 716 2394 Pyrissaeos
737 2321 839 2374 vocat
858 2309 992 2373 nomine
1012 2312 1102 2393 apud
1118 2310 1257 2375 Plinium
1278 2310 1428 2375 fortasse
1448 2314 1554 2379 resti·

438 2426 572 2489 tuendo.
614 2426 701 2492 Nam
720 2447 765 2491 ne
786 2427 861 2511 quis
882 2447 926 2489 ex
936 2427 1082 2511 Appiani
1098 2426 1177 2491 loco
1193 2428 1393 2513 Pyrissaeos
1407 2438 1442 2491 et
1455 2427 1558 2497 Tau-

437 2543 558 2608 lantioo
578 2542 807 2610 internecione
830 2544 1036 2631 exstirpatas
1059 2565 1138 2625 esse
1160 2543 1304 2631 colligat,
1325 2546 1490 2613 Naresios
1517 2564 1557 2616 et

436 2662 671 2729 Meleomanos
703 2663 900 2749 (Appianas
926 2662 1150 2750 Μερομὲιωους
1173 2666 1341 2750 nominat)
1375 2666 1551 2733 iudicasse

435 2783 598 2869 sufficiat,
629 2784 684 2871 qui
705 2785 779 2871 pari
800 2782 993 2849 conditione
1022 2784 1074 2848 nsi
1095 2784 1186 2869 apud
1209 2782 1347 2849 Plinium
1373 2784 1461 2851 inter
1481 2784 1548 2851 llo·

434 2917 551 2970 rentes
573 2903 726 2971 civitatee
749 2918 996 2969 enumerantur.
1033 2904 1119 2979 Quid
1134 2902 1256 2968 multa?
1279 2903 1548 2990 interpunctione
1638 2956 1639 3001 3

435 3026 636 3091 medendum
657 3035 711 3090 est
731 3024 845 3090 verbis
866 3023 1045 3111 scriptoris
1070 3035 1103 3089 et
1126 3018 1358 3089 scribendum:

476 3144 529 3207 Eo
554 3164 698 3232 namque
723 3151 840 3221 tracta!
862 3140 959 3227 farre
985 3142 1171 3221 Labeatae,
1205 3140 1383 3224 Enderini,
1414 3134 1546 3220 Sannoi,
1638 3108 1639 3160 i

478 3258 642 3324 Grabaei:
671 3259 866 3351 proprieque
890 3258 973 3321 dicti
993 3258 1108 3343 Illyrii
1127 3268 1160 3323 et
1182 3258 1353 3322 Taulantii
1372 3267 1404 3321 et
1423 3258 1551 3345 lyraei

476 3374 753 3459 (veleriosaei)
776 3374 959 3437 retineat
980 3396 1108 3441 ramea.
1149 3375 1279 3441 Iaera
1300 3386 1364 3441 etc.

432 3494 592 3562 detineat
610 3492 699 3558 enim
720 3491 819 3557 codd.
837 3490 889 3556 'ld
911 3491 1077 3559 exhibent
1124 3491 1253 3561 Eodem
1275 3492 1501 3583 modo§.145.
1526 3514 1550 3559 a

434 3611 548 3682 verbio
567 3610 617 3678 In
636 3630 698 3677 ora
717 3631 827 3676 novas
847 3629 972 3675 sensns
994 3609 1117 3697 incipit

374 3780 418 3847 ro
808 3818 815 3831 .
840 3764 1045 3860 152=ro,
1062 3764 1123 3841 an.

485 3924 625 3999 Contra
656 3916 770 3995 Iader
809 3928 868 3995 eol
898 3918 1009 3993 Lissa
1049 3927 1088 3993 at
1127 3939 1221 4019 qnae
1267 3898 1555 4019 appellatae:

484 4058 625 4133 Contra
650 4056 839 4131 Libnmos
874 4052 1033 4131 Groteaa
1057 4053 1205 4156 'aliquot
1242 4078 1313 4132 neo
1344 4053 1550 4156 panciores

429 4216 433 4225 ·
483 4190 784 4284 Liburnicae,
811 4189 1050 4265 Celadussae.

516 4323 666 4410 Silligius
677 4324 881 4389 Hardninnm
901 4334 1038 4388 secutus
1051 4324 1094 4387 ad
1106 4324 1135 4409 §.
1149 4322 1219 4390 140.
1239 4322 1404 4391 lectorem
1425 4322 1548 4404 relert,

431 4446 488 4514 nbi
503 4454 639 4532 praeter
652 4444 735 4510 alias
747 4440 941 4529 Absyrtinm
953 4452 987 4507 et
998 4439 1099 4507 Cissa
1108 4442 1172 4528 (ita
1186 4442 1272 4508 enim
1283 4442 1460 4531 legendum
1472 4445 1549 4528 eet)

431 4566 542 4633 insola·
559 4560 782 4630 nominantur.
808 4560 855 4627 At
865 4580 949 4626 vero
960 4560 1098 4626 eaodem
1111 4562 1203 4627 iuxta
1216 4560 1403 4630 lliotrorum
1424 4582 1550 4649 amum
