3567 5559
878 719 969 783 Liber
988 720 1078 782 XVI.

473 919 605 1020 giosus
631 918 836 1017 siquando
861 917 1138 1018 amplitudinem
1166 919 1312 996 biennio
1339 919 1518 996 extendis-

473 1059 541 1144 set,
568 1051 668 1151 quod
685 1056 850 1131 notatum
864 1052 962 1149 apud
981 1049 1221 1128 Chaeroniam
1238 1053 1386 1130 infausto
1405 1052 1521 1128 Athe-

474 1183 656 1261 niensium
679 1189 716 1258 ιιι
743 1206 875 1284 saepe3
903 1181 1065 1259 Lebaida
1080 1193 1234 1261 vocatur
1258 1183 1429 1262 influente
1458 1183 1523 1260 Ce-

474 1315 594 1417 phiso.

504 1447 584 1514 Inde
607 1468 627 1511 a
648 1449 676 1530 §-
700 1448 761 1514 168
783 1447 824 1511 ad
848 1446 1095 1512 Orchomeniam
1110 1447 1322 1513 harundinem
1344 1470 1439 1536 qnam
1461 1451 1522 1513 iam
1606 1476 1610 1533 ᾗ

424 1565 452 1650 fi.
467 1565 528 1633 162
543 1570 808 1631 commemoraret
827 1563 1104 1650 Theophrastique
1119 1565 1364 1668 descriptionem
1377 1568 1423 1631 ita
1434 1566 1527 1649 redit,

314 1751 319 1760 ,
421 1688 458 1746 ιιι
479 1682 573 1746 simul
595 1702 668 1746 eum
691 1681 745 1767 qui
767 1701 826 1745 sua
844 1688 951 1746 aetate
973 1681 1151 1746 invaluerat
1165 1703 1260 1746 usum
1273 1675 1418 1769 attingat.
1443 1684 1527 1748 Hinc

367 1821 377 1828 ·
406 1805 600 1884 “temporum
623 1799 760 1864 varietas
777 1801 805 1881 ξ.
820 1799 923 1866 ittet
941 1800 1006 1880 171,
1029 1799 1125 1872 ubic
1142 1804 1304 1882 praesenti
1326 1808 1473 1887 tempore
1487 1801 1526 1864 ad
1580 1797 1582 1804 ’

416 1917 642 2004 imperfectum
670 1915 825 1998 deflectit,
858 1937 922 1978 non
966 1916 1269 2000 cstOsollicitanda‚
1315 1918 1527 1984 condonanda

422 2055 550 2123 quoqne
583 2035 721 2100 auctoris
753 2034 953 2098 festinationi
988 2053 1027 2098 ea
1064 2035 1217 2098 orationis
1251 2037 1428 2103 obscuritas
1467 2057 1529 2122 qua

422 2155 451 2238 §-
475 2154 536 2221 168
558 2160 591 2218 et
612 2153 652 2222 69
673 2173 752 2217 nono
771 2173 850 2216 anno
872 2160 905 2216 ct
926 2157 984 2216 hoc
1005 2158 1144 2232 temporis
1164 2160 1262 2232 spatio
1288 2155 1527 2222 ennaeteridcm
1610 2161 1611 2210 i

421 2289 493 2336 esse
514 2271 623 2354 voluit,
647 2292 710 2357 qua
733 2279 848 2335 exacta
869 2246 967 2334 tibiae
988 2270 1021 2333 in
1044 2290 1136 2333 usum
1156 2270 1306 2336 ludorum
1331 2273 1525 2360 colligeban-
1610 2285 1611 2292 ’

418 2394 487 2470 tur}
516 2407 599 2473 quae
621 2408 696 2451 vero
719 2389 751 2450 in
774 2390 851 2475 ipsis
874 2389 970 2452 Plinii
991 2388 1097 2453 verbis
1128 2395 1239 2474 aperte
1260 2393 1477 2478 repugnantia
1497 2397 1528 2454 et

1610 2367 1613 2490 l

418 2506 595 2590 incongrua
615 2507 834 2592 reperiuntur,
867 2527 931 2570 non
963 2506 1085 2570 auctori
1112 2505 1169 2569 sed
1190 2506 1327 2572 librariis
1357 2509 1526 2575 tribuenda
1608 2518 1612 2586 ἦ

418 2630 510 2710 sunt„
526 2623 596 2698 Quo
609 2625 750 2688 maxime
772 2625 911 2708 pertinet
932 2643 1038 2686 rerum
1053 2623 1087 2687 in
1105 2622 1167 2686 fine
1189 2645 1303 2690 sensus
1328 2627 1525 2693 diversarum

418 2742 609 2808 coniunctio.
653 2741 746 2818 Quod
770 2746 853 2806 enim
873 2746 1010 2822 prodicit
1037 2741 1138 2814 instar
1166 2742 1345 2808 habebatur
1373 2746 1404 2809 id
1434 2765 1525 2825 caepe

1609 2621 1613 2692 fi

395 2861 563 2925 'accidere
598 2883 663 2926 non
690 2868 746 2945 pot
748 2867 824 2924 erat.
867 2862 981 2946 ltaque
1003 2849 1104 2924 huuc
1118 2860 1222 2924 locum
1246 2871 1374 2948 corrupt
1376 2885 1429 2927 um
1452 2885 1523 2929 csse
1604 2846 1611 2965 ι

374 3050 378 3065 Ι
417 2985 599 3064 apparete
580 2981 666 3044 etin
696 2979 828 3042 vocibus
862 2991 891 3042 et
911 2999 1004 3058 saepe
1040 2978 1117 3075 mali
1150 2981 1259 3044 sedem
1294 2983 1522 3066 quaerendam.

381 3138 385 3148 ·
415 3095 488 3161 Hoc
510 3105 683 3162 senserunt
712 3097 841 3180 quidem
868 3097 943 3160 inde
967 3109 986 3160 a
1009 3069 1166 3161 Salmasio
1194 3098 1253 3161 viri
1275 3095 1358 3164 doct
1337 3107 1376 3183 tr,
1412 3121 1521 3166 verum

414 3219 471 3276 aut
489 3213 601 3299 quid
592 3236 625 3278 ιιι
647 3216 709 3279 illis
730 3215 837 3279 verbis
858 3215 989 3296 lateret,
1020 3234 1055 3278 se
1083 3234 1146 3276 non
1165 3216 1346 3300 perspicere
1381 3219 1522 3284 confessi

414 3335 503 3410 sunt,
536 3331 731 3415 uttpruden
733 3351 767 3395 cr
718 3331 864 3396 tfecit
886 3332 963 3415 Sin,
986 3338 1075 3395 autt
1077 3338 1164 3395 otum
1187 3332 1291 3397 locum
1312 3335 1421 3398 neseio
1445 3341 1522 3422 quot

413 3445 544 3535 nomina
564 3448 692 3531 propria
713 3448 959 3513 inserendot
912 3470 943 3511 m
947 3449 1154 3534 tterpolarun
1132 3451 1293 3518 tNonne
1316 3453 1400 3516 enim
1423 3453 1520 3518 inter-

412 3563 532 3648 polavit
548 3563 668 3648 Ianus,
700 3565 775 3628 eum
797 3565 1031 3652 dubitationem
1060 3589 1124 3653 qua
1152 3583 1180 3632 et
1205 3591 1298 3652 saepe
1325 3573 1357 3636 in
1380 3578 1413 3636 et
1436 3581 1522 3651 peste

412 3681 528 3745 mutari
549 3703 656 3769 posse
671 3683 787 3766 aicbat,
811 3687 916 3748 statim
942 3685 1039 3750 abicit
1054 3687 1256 3774 Pliniumqnc
1281 3689 1326 3755 sic
1339 3688 1406 3754 fere
1420 3693 1519 3775 scrip·

412 3803 492 3865 sisse
525 3802 626 3867 videri
657 3803 857 3888 pronuntiat:
919 3802 1073 3883 ‚Lebadia
1105 3806 1190 3870 unde
1217 3808 1346 3891 profluit
1367 3807 1520 3872 Probatia

411 3921 525 3985 fluvius
549 3922 670 4007 profert
691 3943 779 4004 cam,
817 3921 874 3986 sed
896 3921 1150 3988 laudatissimam
1177 3924 1356 4014 inundatus
1386 3946 1518 4011 campus

412 4038 465 4121 qui
483 4037 628 4116 Boedria
662 4046 795 4106 vocatur
817 4041 972 4103 influente
996 4029 1159 4124 Cephiso}
1201 4041 1293 4105 Idem
1321 4061 1396 4108 vcro
1425 4063 1518 4127 praa-

411 4152 497 4217 clare
518 4154 659 4219 addidit:
698 4158 769 4237 ,uisi
783 4157 875 4225 ,forte
898 4159 1159 4222 commemorarit
1187 4159 1283 4224 etiam
1308 4158 1439 4244 Cephisi
1463 4161 1517 4224 de-

410 4271 597 4336 verticulum
621 4271 705 4358 quod
727 4271 903 4336 vocabatur
922 4272 1029 4349 Ὀξεῖα
1052 4277 1175 4360 καμπὴ.

492 4387 620 4453 Scilicet
641 4395 677 4452 ut
702 4388 792 4452 brevi
814 4389 979 4453 absolvam
1002 4391 1074 4454 talis
1097 4391 1129 4454 in
1163 4394 1336 4480 archetypo
1359 4397 1449 4460 locus
1472 4398 1516 4461 le-

409 4507 545 4593 gebatur
567 4506 680 4570 littcris
702 4511 769 4569 tum
792 4506 937 4571 evanidis
959 4515 1025 4570 tum
1047 4528 1179 4592 prorsus
1201 4510 1330 4578 deletis:

487 4628 614 4669 casamo
644 4629 726 4668 nn..
753 4627 921 4671 anm...
956 4615 1110 4669 nra...

592 4699 760 4740 amaeam
775 4695 917 4748 uenarum
931 4699 1106 4744 rannemirus.
