3567 5559
415 679 477 754 181
855 683 944 750 ute
957 685 1085 751 Im,

413 879 526 968 penu
542 897 626 967 qm
647 897 666 946 s
687 879 824 966 proximi
846 881 1004 948 saunas
1019 881 1141 971 osso
1161 883 1228 946 aso
1245 886 1352 944 suos
1368 879 1512 947 rosum

415 999 462 1064 rio
483 998 647 1084 expletur:
669 997 815 1064 ntorum
834 1019 889 1066 ros
908 1017 947 1063 nr.
965 1017 990 1063 a.
1010 999 1067 1064 rel.
1601 1010 1602 1013 ¹

331 1229 396 1306 520
498 1207 752 1302 tos=11,ct.
783 1204 852 1298 (de
880 1155 1088 1282 crrrnurium⁸
1101 1204 1303 1314 generibus
1328 1207 1465 1307 agitur)

1531 1325 1539 1332 ι

464 1353 682 1431 ...urinam
711 1353 818 1443 cient,
846 1353 1108 1430 amaritudines
1133 1352 1311 1431 hebetant
1337 1356 1515 1434 adstrictis

462 1487 613 1580 ceteris;
654 1509 749 1587 quae
778 1509 822 1562 ex
851 1484 1051 1586 amygdala
1075 1508 1198 1563 amara
1234 1494 1291 1564 est
1316 1489 1516 1589 spissandi-

465 1643 537 1721 que
565 1615 703 1698 viribus
731 1618 927 1708 efficacior,
963 1618 1078 1695 babet
1101 1618 1388 1698 excalfactorias
1413 1622 1514 1698 vires.

463 1751 747 1854 praeponuntur
772 1769 971 1851 prunorum
1010 1762 1132 1829 autern
1166 1760 1203 1830 et
1238 1774 1453 1832 cerasorum
1476 1779 1515 1831 ac

467 1885 613 1980 viiiurn3
638 1885 780 1963 siccant
794 1881 908 1960 illitae
930 1891 966 1960 et
987 1884 1231 1985 adstringunt,
1257 1944 1266 1962 .
1295 1945 1303 1962 .
1332 1944 1341 1962 .
1367 1892 1517 1988 prosunt

465 2026 502 2096 et
527 2017 620 2096 tussi
649 2017 763 2096 veteri
790 2025 948 2116 quatuor
974 2016 1095 2096 obolis
1121 2019 1157 2094 in
1183 2026 1304 2098 musto
1332 2021 1441 2121 potis.

498 2163 609 2251 Talem
642 2173 748 2250 locum
786 2185 812 2249 si
846 2182 918 2249 libri
939 2183 1030 2249 MSS.
1064 2185 1270 2269 exhiberent,
1304 2188 1518 2258 remediume

411 2304 599 2370 xrsoniactura
620 2303 793 2389 petendum
816 2298 990 2367 videretur:
1013 2304 1224 2389 nequeenim
1252 2324 1336 2390 quae
1359 2306 1515 2386 ,amaritu-

416 2405 517 2486 dines‘
539 2440 642 2506 neque
656 2439 739 2507 quae
761 2421 888 2501 ,cetera‘
908 2420 981 2501 sint,
1005 2417 1098 2485 iaciie
1112 2421 1314 2507 intelligitur:
1338 2429 1405 2486 tum
1426 2443 1514 2488 voce·

417 2538 483 2604 buli
523 2537 628 2620 ‚vires‘
662 2538 809 2622 repetitio
844 2536 938 2601 valde
972 2537 1129 2622 displicet.
1178 2533 1278 2624 Atqui
1312 2554 1376 2603 non
1412 2546 1518 2604 visitur

415 2655 538 2722 natent
558 2653 687 2720 codices
709 2653 766 2718 sed
789 2657 963 2736 uisceribus,
986 2654 1132 2740 equibus
1154 2656 1278 2738 ,iecoris
1300 2655 1517 2721 amaritndiue‘

414 2769 538 2840 xxiii.
561 2769 602 2840 12
632 2771 728 2856 vulgo
750 2771 815 2856 legi
837 2777 871 2836 et
891 2772 961 2857 cod.
984 2793 1004 2835 a
1032 2774 1221 2838 auctoritate
1248 2771 1430 2838 confirmari
1455 2789 1514 2838 me

415 2891 575 2973 ntinintns,
597 2888 774 2975 ,adstringi
797 2894 904 2952 autem
920 2889 1064 2966 ,viscera‘
1078 2882 1200 2954 XXIII.
1215 2889 1429 2975 tto-legimus.
1449 2885 1514 2955 Hoc

415 3007 511 3094 igitur
540 3005 616 3071 dicit
636 3005 775 3089 Plinius,
806 3021 902 3070 renes
937 3006 1034 3088 solvi,
1067 3014 1174 3071 cetera
1203 3008 1328 3072 viscera
1356 3007 1514 3094 adstringi,

416 3123 669 3210 vocabulumque
691 3127 855 3188 vincentur
875 3122 1150 3207 transponendum
1171 3132 1220 3188 est
1244 3124 1291 3189 ita
1311 3133 1348 3188 ot
1369 3143 1454 3212 pone
1474 3145 1514 3190 ce·

415 3245 487 3307 rats
515 3242 650 3326 legebar.
693 3241 874 3306 Pruuarum
902 3247 1010 3306 autern
1038 3242 1188 3305 cummim
1216 3241 1409 3328 amygdalae
1432 3259 1512 3330 prae

415 3359 491 3446 poni
514 3357 584 3444 quis
606 3373 670 3422 non
693 3359 840 3443 miretur,
871 3360 925 3445 qui
945 3357 1037 3422 XIII.
1058 3355 1100 3427 db
1126 3358 1299 3444 pessimam
1331 3360 1515 3425 ermmime

414 3475 525 3562 prunis
548 3473 610 3539 dici
632 3476 850 3560 reputaverit?
872 3475 991 3541 Omnia
1012 3489 1094 3564 quae
1118 3490 1138 3540 a
1158 3474 1292 3540 medicis
1308 3486 1514 3558 proponantur

415 3603 535 3681 genera
547 3591 846 3677 commemorantur,
863 3600 960 3679 etque
973 3595 1055 3659 hanc
1067 3595 1169 3680 ipsam
1182 3610 1293 3658 vocem
1305 3609 1388 3679 qnae
1406 3594 1512 3660 eodem

416 3725 511 3778 sensu
534 3710 667 3780 VL175
688 3718 842 3797 usurpata
864 3715 915 3774 est
934 3711 1005 3774 libri
1027 3717 1155 3796 praeter
1176 3709 1204 3776 Τ
1224 3725 1336 3775 omues
1358 3711 1512 3778 exhibent
1598 3698 1599 3739 ³

415 3829 557 3905 Qrtornm
579 3830 742 3894 mentione
763 3827 849 3906 lecta
871 3830 1005 3914 scriptor
1028 3827 1069 3892 ad
1092 3827 1280 3914 amygdalas
1301 3822 1403 3910 redit,
1441 3850 1513 3916 quas

414 3947 495 4011 lntsi
515 3947 670 4032 prodesse
691 3946 789 4012 tradit
811 3953 947 4034 quatuor
972 3946 1074 4011 obolis
1089 3945 1226 4010 motato
1238 3951 1331 4025 pods,
1353 3941 1420 4027 (sic
1435 3946 1510 4012 enim

379 4091 383 4100 ¹
414 4062 509 4148 vulgo
532 4067 566 4127 et
585 4062 618 4126 in
640 4064 803 4129 codicibus
830 4062 979 4150 iegitur).
1021 4062 1072 4127 De
1099 4069 1206 4128 musto
1234 4061 1366 4147 cogitari
1384 4064 1511 4157 nequit,
1597 4130 1598 4151 ,

414 4189 456 4244 ne
478 4177 518 4243 de
539 4189 627 4244 moro
650 4167 804 4266 quidem,
829 4195 912 4267 quae
933 4179 1084 4246 facillima
1116 4178 1299 4245 emendatio
1314 4175 1510 4246 Dioscorida

311 4292 319 4308 “
416 4296 606 4362 auctoritate
628 4297 880 4362 commendetur.
924 4300 967 4363 At
990 4319 1063 4364 vero
1084 4297 1170 4385 quod
1192 4293 1279 4384 sputi
1299 4289 1388 4361 iilum
1411 4300 1435 4361 l.
1457 4293 1509 4366 itt

352 4465 355 4478 .
414 4420 501 4482 recte
524 4434 564 4478 ex
587 4414 713 4500 optimis
731 4413 820 4478 libris
842 4414 959 4500 legitur
983 4413 1053 4498 μετ’
1075 4412 1222 4504 ἀκράτου
1244 4419 1371 4496 ποθέν,
1398 4415 1432 4479 in
1452 4415 1509 4481 edi·

366 4521 371 4546 ⁸
416 4532 555 4598 tionibus
569 4531 645 4598 Aldi
667 4540 699 4596 et
712 4531 1290 4618 Asulaniperdspoiporotsoribitors
1312 4531 1507 4598 llmiiestrm

415 4655 465 4715 est
491 4650 605 4736 igitur,
640 4651 673 4716 in
703 4669 740 4714 oo
768 4649 884 4714 Graeci
912 4649 1076 4735 seripturis
1104 4650 1185 4715 libro
1213 4670 1310 4736 quern
1337 4650 1458 4717 Plinius
1481 4651 1508 4716 in
