3567 5559
689 715 777 775 Liher
793 714 902 777 XVII.
1304 707 1346 776 29

223 913 255 976 in
279 903 453 975 AOUTIS
474 933 532 996 pro
554 887 743 975 nonnula
765 909 957 993 suppletum.
1003 904 1126 970 Eodem
1148 907 1219 972 loco
1241 907 1345 972 Theo-

221 1029 350 1113 phrasti
388 1029 502 1092 levius
527 1029 561 1091 in
595 1028 749 1112 proximis
774 1025 881 1090 verbis
914 1023 1065 1088 mendum
1100 1025 1342 1090 demonstratur.

183 1194 185 1197 .
222 1130 320 1220 ouon
343 1146 440 1209 enim
462 1146 515 1212 ine
547 1133 724 1210 tradiderat
750 1145 915 1230 stapam
944 1143 981 1206 as
1002 1146 1059 1206 aar
1089 1138 1248 1226 epacta»
1269 1141 1343 1211 ena

221 1268 297 1351 γένη
322 1269 386 1329 καὶ
409 1264 556 1348 μάλιστα
578 1265 620 1328 τὰ
643 1262 861 1348 πολύκαρπα,
883 1260 916 1324 id
936 1259 1060 1324 Plinius
1083 1258 1190 1323 dativo
1215 1281 1343 1346 expres-

222 1380 296 1443 sita
312 1402 369 1444 vv.
396 1381 600 1462 ,brevissima
614 1379 681 1443 vita
704 1379 763 1441 est‘
785 1384 870 1462 apto.
892 1376 1041 1446 Delenda
1060 1376 1230 1461 igiturest
1250 1400 1343 1464 prae·
1451 1353 1455 1362 ¹

223 1499 343 1582 positio
364 1505 413 1580 in,
433 1519 451 1562 e
473 1498 620 1583 proxima
640 1485 748 1559 littera
768 1515 796 1558 m
817 1495 964 1578 repetita.
986 1497 1000 1520 ‘⁷
1116 1571 1126 1582 ν

632 1667 704 1740 245
731 1682 770 1716 =
797 1667 854 1752 44,
882 1665 941 1772 ea.
1192 1701 1195 1708 .
1365 1649 1427 1716 300

231 1905 239 1914 ι
271 1795 310 1887 in
338 1802 490 1903 abiete,
516 1810 628 1887 larice
656 1810 764 1887 stelio
801 1809 888 1886 dicit
914 1809 1070 1886 Euboea
1094 1814 1196 1888 nasci
1222 1857 1268 1870 -
1297 1859 1341 1874 ..

270 1945 588 2046 copiosissimum
613 1943 649 2018 in
677 1966 816 2044 quercu
842 1943 1051 2043 adasphear
1076 1954 1222 2022 vocant.

303 2076 342 2145 ἕν
365 2086 446 2155 ταῖς
473 2073 606 2152 ἐλάταις
631 2081 688 2141 καὶ
709 2076 847 2152 πεύκαις
878 2075 1090 2162 Theophrast.
1119 2096 1205 2141 onus.
1235 2079 1277 2165 pl.
1298 2081 1340 2145 Π.

180 2257 183 2265 .
227 2196 274 2262 17.
299 2202 328 2278 1,
351 2196 446 2259 unde
470 2195 554 2281 apud
576 2194 715 2261 Plinium
737 2194 852 2277 copula
872 2205 901 2257 et
923 2194 1024 2258 e‘fine
1046 2195 1133 2258 vocis
1146 2198 1341 2280 praeceden-

230 2312 267 2374 tis
279 2313 413 2377 uidetur
427 2313 604 2400 repetenda
617 2332 704 2395 esse;
726 2334 756 2375 v.
772 2317 947 2392 adospteor
969 2312 1090 2376 eodem·
1104 2312 1174 2376 loco
1187 2321 1219 2377 et
1241 2317 1340 2382 altero

230 2428 299 2493 hist.
320 2432 428 2523 plant.
451 2431 509 2496 III.
530 2432 579 2497 16.
603 2433 621 2495 l
657 2431 849 2515 comparatis
872 2431 903 2494 in
928 2436 1066 2494 Arcades
1087 2435 1224 2512 hyphear
1246 2437 1341 2498 corri-

229 2547 327 2631 gitur,
350 2550 514 2614 restitutis
538 2569 620 2633 qnae
637 2549 670 2612 in
693 2548 803 2612 codice
825 2547 998 2635 archetypo
1019 2549 1204 2614 exciderant
1226 2551 1356 2617 litteris'
1424 2613 1426 2621 Α

235 2687 294 2730 arc.
316 2664 474 2733 Ceterum
503 2674 589 2730 recte
617 2665 803 2730 Harduinus
831 2687 859 2731 v.
884 2673 957 2746 piro
986 2687 1003 2730 e
1031 2667 1101 2731 eod.
1137 2689 1156 2730 a
1183 2669 1338 2753 scriptura

232 2789 323 2860 admo
345 2787 501 2870 vulgatae
523 2803 729 2868 praecoquae
750 2804 770 2847 a
792 2782 856 2847 Sin.
886 2793 919 2848 et
941 2761 1009 2848 lan.
1034 2786 1206 2848 etiamnum
1232 2805 1337 2850 serva·
1380 2761 1383 2766 Ι

181 2958 182 2991 3
235 2905 296 2982 tur,
339 2904 517 2968 substituit.
573 2901 626 2967 Sic
664 2903 747 2966 enim
782 2902 921 2987 loquitur
954 2897 1159 2967 Dioscorides
1192 2902 1250 2967 ΙΙΙ.
1282 2905 1337 2972 93:

237 3024 355 3096 γίνεται
385 3024 427 3088 δὲ
455 3027 511 3087 καὶ
533 3017 569 3087 «ix
591 3024 713 3107 μηλέας
733 3025 790 3084 καὶ
815 3017 919 3086 ἀπίου
943 3020 999 3084 rel.
1036 3019 1148 3084 Finem
1171 3021 1241 3085 libri
1265 3043 1336 3107 pro·

181 3188 182 3191 ,
237 3134 370 3222 nimique
393 3139 520 3205 initium
542 3140 575 3204 in
598 3139 845 3206 chrestomathia
867 3138 1016 3203 tractavi,

683 3355 761 3432 llll.
787 3355 885 3432 xvu.
928 3395 929 3400 ,

685 3528 889 3616 3:1,1.
1336 3527 1416 3628 Ι301

283 3667 594 3750 Nobilissimarnm
638 3674 802 3772 gentium
853 3673 980 3764 ambo,
1028 3672 1183 3750 Crassus
1223 3682 1335 3774 atque

286 3802 472 3908 Domitius
499 3830 693 3883 censuram
717 3815 802 3908 post
819 3806 1033 3885 consulatus
1047 3805 1153 3916 simul
1167 3829 1334 3904 gessere.

315 3937 364 4003 De
386 3941 496 4005 Orassi
523 3945 556 4002 et
578 3941 717 4003 Domitio
750 3934 865 4025 iurgio
883 3961 919 4003 se
946 3945 1147 4001 narraturum
1176 3959 1249 4000 esse
1270 3941 1335 4003 Pli-
1369 3944 1376 3950 '

246 4049 307 4115 nius
326 4055 387 4120 iam
410 4059 438 4141 ᾖ.
465 4065 478 4123 1
502 4056 666 4142 professus
688 4064 766 4149 erat,
810 4057 897 4121 Dum
921 4062 1027 4120 autem
1049 4055 1161 4119 domus
1184 4077 1279 4142 quam
1301 4059 1334 4124 in
1453 4068 1459 4072 “

246 4164 353 4237 Palatio
367 4175 502 4240 Orassus
509 4174 704 4259 possidebat,
714 4179 909 4239 mentionem
921 4172 1010 4255 facit,
1022 4173 1124 4237 obiter
1137 4172 1333 4259 pulchriores

249 4279 340 4354 (intuli
350 4294 533 4378 ¹thuiliique
554 4293 667 4357 'domus
689 4292 791 4356 fuisse
805 4283 946 4374 tradidit,
969 4292 1010 4356 ad
1023 4294 1172 4356 Crassum
1187 4291 1243 4391 ¹hip
1266 4315 1334 4359 ver-

248 4396 290 4463 bis
306 4409 411 4476 rediit:
451 4431 534 4494 ,oum
562 4417 670 4476 tamon
698 4409 825 4474 obiecta
847 4409 964 4475 Orasso
996 4431 1054 4474 sua
1084 4415 1151 4475 est‘
1195 4410 1332 4486 Quinam

251 4516 330 4599 igilur
355 4530 468 4609 ,ambo‘
502 4529 548 4593 illi
576 4536 701 4611 essent,
743 4530 876 4594 minime
900 4529 969 4592 fieri
1002 4534 1127 4614 poterat
1159 4535 1194 4592 ut
1223 4549 1331 4612 quern-

254 4651 330 4715 (lun
350 4647 522 4733 legentium
544 4646 668 4714 lateret.
714 4647 816 4713 Aliter
837 4654 946 4713 tamen
966 4648 993 4710 is
1015 4645 1167 4710 iudicavit
1189 4644 1244 4730 qui
1265 4665 1331 4710 ms-
