3567 5559
657 568 758 634 Lrlrer
777 567 877 634 XIV.
1266 559 1328 629 186

218 754 362 839 Silligius
376 756 588 836 coniecit,·ita
598 753 756 834 fortusse,
768 766 804 819 ut
819 755 1093 844 mihividebalur,
1104 755 1326 820 emendarint

217 893 314 938 manu
334 872 504 958 stirpem
525 873 738 958 ciupit„ite
758 885 795 939 nt
815 893 901 938 voce
922 872 1054 960 stirpem
1075 873 1108 938 in
1132 869 1337 956 proterere,

217 1002 293 1075 typo
305 992 359 1055 sic
371 990 523 1056 mutilata
544 1012 628 1054 usur
649 975 821 1055 rcr‘crunrr
843 991 972 1056 litteras
995 991 1221 1076 ticiproxinm
1242 991 1326 1055 scri-

216 1107 275 1172 bae
305 1118 451 1172 temere·
469 1109 629 1192 repetitus
656 1109 749 1174 vises
777 1127 855 1174 esse
888 1118 1027 1173 statuas.
1080 1108 1205 1174 Verum
1226 1127 1326 1192 quum

216 1245 328 1290 munus
352 1235 453 1289 certe
473 1245 496 1289 a
514 1226 717 1290 Dioscoride
738 1225 860 1290 mentio
883 1223 975 1290 lecta
996 1223 1107 1309 fuerit,
1134 1237 1167 1290 et
1188 1228 1324 1310 saepius

216 1345 349 1409 Plinium
372 1356 536 1411 auctores
555 1366 638 1411 snos
662 1356 720 1410 ant
740 1345 827 1410 niele
847 1343 1055 1411 intellexisse
1075 1355 1134 1410 eut
1153 1343 1326 1431 negligen-

216 1476 264 1528 ter
284 1462 474 1530 contulisse
494 1474 642 1546 constet,
669 1474 770 1548 atque
798 1465 897 1528 etiem
924 1482 1018 1528 more
1039 1462 1114 1528 XV.
1134 1461 1184 1527 97.
1206 1483 1324 1530 manus

217 1601 293 1647 suco
313 1584 473 1666 tinguere
485 1584 656 1663 dicantur,
674 1581 779 1646 satius
801 1579 865 1644 crit
885 1578 993 1646 locum
1014 1601 1081 1644 nou
1104 1580 1295 1646 sollicitare.

632 1751 909 1848 125=2n2e
1043 1697 1047 1704 ¹
1310 1741 1404 1837 inno

263 1874 483 1986 -⁸necnon
509 1909 611 1995 elia,
634 1933 742 2008 quae
765 1919 823 1982 est
845 1905 970 1999 musti,
998 1902 1162 2005 pice'et
1180 1913 1322 1979 nature.

294 2060 391 2128 llanc
412 2061 575 2128 ilarduini
597 2061 821 2126 coniecturam
847 2068 884 2122 ut
913 2057 968 2121 vix
995 2053 1231 2138 intelligibilem
1254 2075 1324 2119 me-

221 2183 275 2245 rito
295 2183 500 2269 improbavit
522 2181 682 2268 Silligius.
726 2180 830 2246 codd.
849 2179 937 2244 hoec
958 2176 1100 2240 habent:
1122 2189 1148 2241 Θ
1170 2182 1326 2268 quaeest

223 2299 311 2364 mulce
329 2322 351 2365 a
372 2323 462 2398 quae
483 2310 532 2365 cst
551 2300 658 2383 mulsi,
679 2297 969 2394 pouaesimnlet.
993 2277 1324 2363 Sententiemtumen

224 2414 280 2481 loci
297 2431 392 2511 recte
415 2419 550 2483 videtur
561 2417 750 2482 ilerduinus
769 2415 999 2500 perspexisse,
1022 2435 1088 2500 qua
1103 2427 1210 2482 musto
1223 2414 1322 2481 etiam

225 2533 309 2599 sicuti
335 2537 413 2620 pice
438 2537 513 2601 vine
535 2535 662 2600 condiri
685 2533 810 2598 Plinius
836 2532 974 2611 dixerit,
1002 2531 1047 2598 cl.
1068 2531 1101 2618 ᾗ.
1120 2533 1170 2598 74.
1194 2545 1227 2598 et
1252 2534 1323 2600 121.

226 2645 422 2719 coniecerim
445 2653 544 2738 igitur
564 2652 610 2716 ita
630 2651 777 2716 fortusse
799 2651 1012 2716 scribendum
1035 2671 1131 2716 esse:

376 2792 441 2834 nec
461 2792 528 2833 non
548 2768 681 2864 eliqua
702 2775 752 2831 est
769 2767 873 2848 ‘musti
889 2766 997 2852 picea
1019 2774 1155 2830 nutura.

298 2903 325 2989 §.
339 2903 410 2971 141.
435 2904 508 2968 sine
522 2903 621 2967 dubio
646 2923 719 2966 cem
736 2901 907 2965 Harduino
928 2902 1107 2986 legendum
1126 2913 1179 2968 est
1198 2905 1323 2970 vivunt.

229 3019 283 3090 Qui
307 3024 390 3086 enim
419 3043 499 3087 sero
527 3022 815 3107 expergiscuntur,
842 3022 945 3086 horas
973 3022 1091 3109 quibus
1118 3022 1172 3088 elii
1200 3027 1323 3105 vivunt,

231 3153 331 3205 somno
350 3144 446 3207 velut
469 3145 588 3208 mortui
610 3143 807 3227 transigunt,
829 3141 913 3230 cf.§.
929 3140 998 3208 143.

1149 3277 1165 3312 Ο

629 3310 830 3405 144322,
845 3309 907 3386 28.
1340 3342 1401 3410 241

272 3499 318 3550 -,
348 3460 449 3560 apud
481 3487 550 3538 nos
582 3486 785 3562 cognomen
819 3461 928 3538 etiem
960 3463 1061 3570 (hac
1087 3467 1231 3540 virture
1253 3491 1323 3566 po-

275 3599 380 3672 tandi
392 3603 553 3696 meruit)
574 3599 765 3676 Novellius
778 3602 993 3701 Torquatus
1021 3599 1322 3694 Mediolanensis‚

275 3733 316 3808 ad
353 3739 652 3839 proconsulatum
691 3765 811 3838 usque
850 3765 872 3814 u
906 3748 1081 3839 praetura
1122 3737 1323 3812 honoribus

277 3871 401 3968 gestis,
439 3873 559 3948 tribus
600 3873 759 3972 congiis,
808 3871 954 3975 [unde
994 3882 1040 3948 et
1077 3895 1323 3972 cognomen

277 3999 342 4080 illi
360 4007 492 4111 init‚]
518 4007 638 4107 epotis
660 4032 733 4083 uno
753 4007 913 4107 impetu,
943 4015 1135 4108 spectante
1156 4005 1323 4096 miraculi

276 4143 382 4235 gretie
420 4143 576 4220 'l'ilrerio
612 4143 781 4244 principe
819 4142 859 4218 in
892 4115 1044 4220 senecta
1080 4142 1152 4218 iem
1190 4147 1323 4218 severo

280 4267 426 4377 [utque
460 4278 598 4355 etiarn
625 4303 764 4354 saevo
791 4277 950 4382 elius]3
979 4280 1047 4356 sed
1069 4279 1151 4379 ipse
1175 4279 1323 4356 iuventa

279 4408 319 4484 etl
338 4414 464 4492 mirum
488 4415 643 4516 proxior
664 4415 797 4491 fueret.

308 4542 415 4615 Verbo
437 4559 536 4636 utque
563 4550 662 4614 etiam
687 4549 896 4614 sceco'ulius
918 4560 954 4614 ut
979 4550 1166 4616 adulterine
1186 4557 1322 4613 recten

246 4651 900 4738 Phimosrmurcoon.1eooxv.ln
924 4669 1087 4736 delentur.
1131 4666 1220 4740 Quiri
1237 4666 1323 4737 enim
