3567 5559
429 752 491 829 tet
878 759 968 821 troes
988 760 1094 822 m.

478 951 556 1028 dari
581 952 719 1030 iubent.
752 951 912 1032 Coclcae
939 955 975 1030 in
1004 953 1087 1032 cibo
1113 952 1158 1030 iis
1184 977 1279 1053 quos
1306 951 1445 1051 linquit
1470 951 1538 1026 arri·

479 1107 561 1164 mus
589 1127 630 1142 -·
658 1085 696 1166 in
723 1093 812 1185 potu
839 1086 946 1164 datae
973 1083 1038 1164 rel.

514 1229 560 1280 ter
580 1217 642 1286 etsi
664 1218 697 1284 in
719 1218 740 1282 d
774 1219 844 1294 solo
874 1220 993 1304 legitur
1013 1239 1077 1284 non
1098 1219 1315 1304 spernendum
1341 1219 1489 1299 videtur,
1513 1223 1543 1279 ut

431 1332 534 1400 msior
554 1355 707 1404 numerus
727 1336 800 1419 fiat,
829 1357 892 1424 quo
915 1357 986 1406 oum
1010 1331 1192 1419 septenario
1215 1337 1283 1404 lere
1304 1337 1545 1402 delectarentur

430 1452 536 1536 magi,
558 1452 588 1537 §.
610 1453 652 1519 49
673 1473 738 1517 non
759 1453 824 1518 XX
847 1462 903 1518 ant
924 1453 1021 1518 XXX
1045 1454 1109 1539 (sic
1131 1455 1194 1540 Rl)
1221 1454 1280 1519 sed
1300 1453 1392 1518 XXI
1421 1452 1545 1539 gryllos‚

340 1615 345 1622 -
431 1569 565 1654 opinor,
608 1570 721 1634 torreri
760 1572 936 1654 iusserunt3
982 1592 1086 1636 eorum
1125 1578 1233 1636 autern
1277 1573 1417 1657 optimis
1461 1566 1544 1633 codd.

359 1758 366 1768 ,
430 1683 570 1750 silenum
601 1685 773 1751 delendum
802 1696 860 1754 est.
904 1688 998 1763 Quod
1025 1710 1101 1753 vero
1124 1689 1164 1753 de
1193 1689 1392 1774 centipedae
1422 1685 1546 1749 nominc

431 1801 561 1870 additur
589 1811 769 1870 structurae
804 1807 973 1872 verborum
1008 1813 1167 1892 repugnat
1200 1813 1295 1893 atque
1332 1807 1546 1892 glossemaa

432 1923 562 1988 librario
583 1924 645 1990 loci
665 1923 788 1988 XXIX.
811 1926 872 1992 136
904 1945 1046 1990 memore
1068 1923 1279 2010 adscriptum·
1294 1922 1444 2008 margini
1467 1915 1546 1982 lrsud

433 2039 529 2105 dubie
552 2060 570 2103 e
590 2041 661 2106 loco
682 2041 878 2107 alienissimo
901 2049 933 2107 et
956 2042 1084 2107 omnino
1107 2062 1125 2106 e
1146 2043 1242 2124 Plinii
1269 2043 1423 2107 oratione
1447 2056 1543 2102 remo·
1612 2065 1613 2106 r

432 2165 545 2224 ratur
566 2165 698 2244 oportet.
732 2158 868 2224 Gravius
891 2161 988 2224 etiam
1009 2165 1110 2225 restat
1130 2160 1242 2226 vitium
1265 2182 1286 2224 a
1308 2161 1378 2226 Sill.
1405 2151 1544 2224 animad-

433 2293 578 2357 versum3
601 2275 686 2360 quod
708 2277 793 2340 enim
809 2278 843 2340 in
865 2285 942 2362 potu
965 2277 1081 2343 dantur
1096 2277 1224 2342 cocleae
1246 2278 1279 2342 in
1302 2279 1374 2343 cibo
1400 2275 1474 2340 dari
1494 2291 1543 2334 ne
1612 2257 1613 2260 Ἴ

434 2398 564 2477 queunt.
608 2394 652 2456 At
673 2394 856 2480 multipedis
878 2396 912 2459 in
933 2395 1045 2481 patina
1058 2396 1158 2459 tostis
1176 2389 1298 2481 optime
1319 2394 1539 2460 vescebantur.

433 2509 546 2594 ltaque
567 2508 665 2573 verba
686 2511 869 2596 importuna
890 2513 936 2577 sic
958 2519 1051 2577 erunt
1071 2512 1311 2598 transponenda
1331 2521 1370 2578 ut
1392 2533 1446 2577 vv.
1466 2525 1541 2586 oqrrc

434 2630 526 2690 coldo
548 2625 720 2712 excipiant.

870 2755 917 2826 55
944 2781 976 2811 =
1004 2754 1100 2838 tlt.

353 2777 414 2845 661
486 2876 741 2976 Dysintericos
779 2841 949 2955 recreant
991 2881 1125 2956 lemica
1154 2851 1338 2980 pecudum
1387 2879 1537 2956 decocta

485 3033 567 3094 curn
594 3009 658 3085 lini
684 3010 824 3088 semine
851 3035 948 3110 aqua
974 3021 1071 3112 pota.

518 3141 591 3206 Non
612 3163 811 3228 quacumque
834 3165 919 3230 aqua
940 3144 997 3209 sed
1025 3165 1065 3209 ea
1078 3150 1210 3234 ¹tanturn
1236 3144 1269 3206 iu
1290 3131 1359 3228 qua⁴
1382 3140 1536 3228 pecudum

436 3257 555 3322 lemine
593 3257 727 3325 decocta
759 3268 859 3328 erant.
907 3261 1103 3326 Praescribit
1130 3262 1213 3324 enim
1243 3261 1412 3324 Marcellus
1449 3260 1534 3338 Emp·

436 3393 462 3436 c.
484 3374 539 3440 27:
567 3382 613 3456 ‚ut
634 3383 667 3440 et
688 3397 761 3441 carc
784 3379 995 3443 manducetur
1022 3386 1054 3443 et
1075 3375 1159 3465 aqua
1185 3378 1240 3442 illa
1260 3382 1409 3462 potetur.‘
1455 3375 1535 3440 Sicut

434 3490 531 3585 igitur
546 3491 634 3574 §.53
652 3513 687 3556 eo
709 3501 783 3558 ante
805 3517 833 3560 v.
857 3468 956 3578 ,suoo‘
977 3497 1010 3560 in
1025 3496 1068 3559 R¹
1092 3495 1245 3560 omissum
1267 3502 1330 3576 est,
1359 3495 1407 3559 ite
1426 3497 1478 3560 hic
1498 3487 1533 3552 ab

435 3606 583 3672 omnibus
604 3609 740 3675 librariis
769 3618 936 3697 peccatum
971 3621 1020 3677 est
1041 3613 1216 3678 litterarum
1253 3612 1470 3697 proximarum
1496 3606 1531 3670 sl·

436 3711 612 3794 militudine
636 3728 789 3815 deceptis.
832 3729 923 3804 Quae
945 3731 991 3794 ita
1018 3729 1214 3817 repetendae
1247 3737 1322 3793 sunt
1352 3736 1389 3794 ut
1416 3732 1533 3816 legatur

434 3854 611 3933 rectinere
633 3869 726 3928 aquo.
817 3820 820 3827 .
929 3821 931 3825 V
1356 3849 1358 3856 ’

420 4069 426 4078 Ι
867 3973 914 4043 59
1008 3970 1102 4055 720.

485 4093 748 4173 Gravissimum
777 4100 903 4174 vilium
928 4096 1021 4176 ileos
1048 4093 1273 4198 appellatur:
1301 4089 1529 4207 'huicreslsli

483 4224 583 4299 aiunt
609 4227 782 4326 discerpti
802 4231 1076 4329 vespertilionis
1098 4227 1279 4328 sanguine
1308 4225 1372 4304 rol.

516 4363 620 4420 vulnus
643 4365 742 4421 villum
765 4360 837 4424 VR
860 4400 895 4408 -
922 4369 985 4442 opit
1012 4369 1106 4427 illieos
1127 4361 1157 4424 V
1177 4367 1312 4442 apuleius·
1332 4361 1373 4425 It¹
1398 4383 1474 4441 opus
1492 4355 1529 4423 R²
1613 4409 1614 4418 r

435 4496 486 4540 eos
502 4481 587 4540 ciunt
607 4476 658 4540 eos‘
669 4475 698 4537 V
710 4476 764 4542 R'.
787 4483 887 4565 uirium
910 4471 970 4542 elui
982 4480 1079 4544 Ianus
1092 4479 1219 4565 scripsit
1236 4479 1344 4563 sagaci
1357 4477 1528 4542 coniectura

434 4594 600 4660 verissima
629 4595 835 4677 adsensum,
871 4595 912 4659 ad
941 4596 1091 4661 librorum
1115 4597 1205 4664 MSS.
1237 4597 1406 4662 lectionem
1435 4596 1527 4660 minus
1613 4647 1614 4654 ,

435 4719 518 4795 apte.
562 4713 625 4788 Qui
646 4682 729 4799 quae
749 4713 827 4779 vitia
848 4713 1002 4780 exhibent
1020 4715 1220 4797 gravissima,
1250 4737 1268 4780 a
1289 4713 1409 4779 codicis
1431 4713 1526 4778 archc-
