3567 5559
469 590 512 659 22
940 589 1040 659 Liber
1059 590 1117 658 ΙΙ.

555 772 659 845 Ouios
687 779 824 845 tandem
844 775 1055 845 Alexandri?
1081 795 1203 863 nempe
1224 774 1356 861 Magni,
1387 775 1443 861 qni
1468 783 1568 839 tenen

470 895 506 961 in
525 895 684 964 sensibus
705 897 858 982 proxime
887 896 1170 983 praecedentibus
1198 914 1267 959 non
1291 892 1495 971 nominator,
1522 889 1569 955 ubi

471 1015 515 1081 de
536 1014 683 1081 turribus
704 1014 915 1098 Hannibalis,
950 1017 992 1084 tle
1019 1012 1167 1102 speculis
1194 1010 1352 1079 Asiaticis
1380 1030 1492 1077 sermo
1518 1016 1568 1073 est

470 1133 536 1200 llic
552 1133 693 1217 primum
714 1133 911 1200 traiectione
924 1133 1036 1219 paullo
1049 1134 1181 1219 quidem
1193 1130 1387 1211 audaciore,
1408 1130 1471 1197 sed
1487 1146 1568 1214 pror·

470 1269 530 1317 sus
552 1251 750 1316 necessaria
772 1252 930 1317 utendum
953 1252 1033 1331 erit,
1059 1272 1104 1317 ex
1126 1248 1301 1335 archetypi
1322 1246 1446 1333 forma,
1474 1257 1512 1315 ut
1530 1242 1573 1309 di·

471 1388 605 1453 cemus,
642 1369 853 1453 explicanda.
921 1368 1057 1436 Scilicet
1085 1388 1185 1455 quum
1213 1364 1337 1452 §.180.
1365 1366 1408 1433 de
1436 1365 1573 1432 Alexan·

472 1486 533 1553 dno
554 1485 688 1553 loeutus
710 1488 753 1552 sit
776 1486 915 1566 Plinius,
934 1486 1113 1553 manifesto
1134 1505 1221 1573 quae
1241 1486 1319 1552 inde
1340 1506 1361 1552 a
1379 1506 1411 1553 v.
1423 1482 1574 1549 Eiusdem

470 1605 633 1689 usquead
649 1603 841 1669 comitantes
857 1604 1013 1690 leguntur
1023 1606 1052 1689 §.
1063 1605 1133 1673 180.
1149 1625 1237 1693 pone
1247 1625 1283 1674 v.
1298 1604 1451 1669 exorans
1470 1612 1574 1669 trana-

470 1720 628 1805 ponenda
641 1732 730 1791 sunt.
761 1723 860 1798 Quod
881 1726 937 1790 ubi
957 1725 1084 1793 factum
1099 1726 1174 1805 erit,
1195 1745 1217 1790 a
1232 1722 1381 1790 noctium
1400 1731 1435 1789 at
1455 1721 1576 1788 dierum

468 1838 705 1927 inaequalitate
718 1843 764 1907 ad
777 1842 935 1911 horarum
948 1844 1150 1911 differentias
1162 1840 1270 1933 §.182
1284 1842 1460 1907 commode
1472 1855 1576 1907 trans·

469 1958 544 2028 itur.
571 1961 608 2027 ln
622 1981 689 2047 quo
701 1963 989 2033 enuntiatootaut
1006 1963 1159 2030 trecentis
1180 1972 1238 2030 aut
1258 1961 1429 2057 quingenis
1449 1960 1576 2047 legatur

469 2080 632 2148 orationis
652 2083 865 2153 concinnitas
887 2085 1050 2170 postulat.

409 2257 450 2322 u
886 2235 1164 2328 1m=mm.

520 2364 834 2463 Septentrionem,
856 2367 908 2442 ibi
934 2370 961 2467 (
955 2368 1135 2466 Patalis)
1161 2356 1375 2441 Alexandro
1400 2372 1582 2454 morante,

518 2497 729 2575 adnotatum
750 2500 871 2600 prima
893 2510 1033 2578 tantum
1060 2510 1166 2601 parto
1191 2497 1310 2573 noctis
1338 2494 1492 2596 adspici.

552 2649 602 2713 lta
622 2648 710 2715 male
732 2651 830 2717 etiam
852 2653 943 2738 apud
966 2651 1130 2739 Silligium
1151 2648 1407 2735 interpungitur,
1428 2667 1529 2732 quum
1549 2668 1579 2711 v.

468 2762 514 2829 ta·
533 2772 731 2835 necessario
751 2770 795 2835 ad
818 2771 1012 2836 adnotatum
1034 2770 1158 2859 adspice·
1178 2766 1360 2835 reserenda
1379 2765 1432 2833 sit.
1461 2802 1475 2822 κ

407 2946 450 3014 a
678 2892 683 2902 ’
888 2923 1166 3021 m=mm

520 3076 689 3178 Namque
712 3089 750 3151 et
766 3078 973 3180 Aethiopas
994 3076 1104 3155 vicini
1130 3074 1264 3151 sideris
1286 3096 1424 3173 vapore
1443 3068 1576 3147 torreri

517 3210 735 3309 adustisque
762 3210 901 3287 similes
921 3212 1039 3310 gigni,
1064 3214 1177 3286 barba
1203 3221 1242 3286 et
1263 3208 1395 3307 capillo
1424 3207 1577 3297 vibrato,

516 3367 591 3419 uon
610 3356 671 3419 est
697 3343 867 3438 dubium,
896 3354 936 3420 et
960 3343 1116 3422 adversa
1141 3345 1248 3444 plaga
1273 3343 1401 3418 mundi
1424 3341 1578 3419 candida

517 3487 627 3579 atqua
654 3478 799 3580 glaciali
831 3490 917 3556 cute
952 3503 1037 3555 esse
1062 3488 1211 3580 gentes,
1242 3479 1348 3556 flavis
1376 3478 1577 3579 promissas

517 3614 700 3711 crinibus3
733 3624 861 3690 truces
892 3640 982 3692 vero
1018 3627 1056 3692 et
1083 3615 1175 3691 caeli
1197 3615 1358 3716 rigorem
1378 3615 1471 3706 has,
1498 3613 1577 3688 illas

516 3749 785 3827 mobilitates
815 3752 1027 3829 habentes
1054 3752 1137 3852 ipso
1166 3777 1315 3828 crurum
1344 3758 1578 3850 argumento3

514 3886 588 3965 illis
607 3886 646 3963 in
660 3911 798 3988 supera
811 3913 941 3965 sucum
961 3888 1131 3967 revocari
1144 3898 1276 3965 natura
1288 3885 1449 3989 vaporis,
1468 3885 1527 3960 his
1541 3883 1576 3959 iu

513 4024 653 4099 inferas
671 4034 797 4124 partes
812 4024 949 4125 depelli
971 4025 1137 4101 humoris
1158 4024 1338 4121 decidu03
1363 4022 1425 4100 hio
1445 4044 1577 4123 graves

514 4160 633 4253 ieras,
667 4158 743 4235 illic
764 4159 892 4235 'varias
919 4160 1064 4261 effigies
1086 4161 1293 4239 animalium
1319 4161 1518 4264 provenire
1540 4168 1577 4235 et

515 4294 675 4371 maxime
703 4292 847 4391 alitum,
873 4295 920 4370 in
945 4298 1112 4373 multas
1138 4298 1317 4398 figuras
1349 4296 1474 4399 gigni
1501 4322 1575 4376 vo-

516 4432 686 4508 lucras.

548 4566 837 4654 impeditissimum
858 4567 970 4635 locum
987 4568 1033 4635 ita
1054 4568 1258 4637 ecodicibus
1270 4569 1408 4659 scripsit
1417 4569 1575 4659 Silligius,
