3567 5559
406 540 448 606 28
868 540 969 607 Liber·
989 542 1046 608 ΙΙ.

405 722 525 787 liandis
537 735 674 791 narrata
695 722 840 810 „Thera
861 746 936 791 cum
957 726 1098 811 primum
1116 724 1253 791 emersit
1262 724 1400 793 Calliste
1413 728 1514 793 dicta.
1631 744 1632 769 ³

404 839 454 905 Ex
474 861 516 924 ea
535 841 656 909 avolsa
670 853 791 927 postea
802 842 968 910 Therasia
981 854 1082 929 atque
1103 845 1190 911 inter
1211 846 1295 911 duas
1315 856 1414 917 ⁴enata
1438 868 1516 913 mox

404 959 596 1040 Automate,
617 961 734 1026 eadem
747 960 862 1041 Hiera,
886 971 920 1027 at
940 963 975 1026 in
993 973 1110 1029 nostro
1122 984 1208 1030 aevo
1221 963 1306 1030 Thia
1326 964 1419 1029 iuxta
1443 985 1515 1031 aas.
1565 1035 1577 1043 ,
1632 990 1633 1021 2

406 1079 480 1144 dam
503 1081 633 1145 enata“.
678 1077 816 1145 Scilicet
837 1079 989 1145 bifariam
1017 1082 1174 1167 peccavit
1193 1080 1248 1147 ille
1270 1082 1443 1164 librarius,
1471 1085 1516 1151 ad

405 1200 502 1263 cuius
529 1197 702 1281 exemplar
730 1197 837 1260 nostri
861 1201 999 1265 codices
1027 1199 1189 1265 efformati
1219 1211 1315 1281 sunt,
1343 1210 1377 1265 et
1409 1222 1515 1286 prava

404 1335 561 1380 versuum
588 1315 806 1401 dispositione
834 1324 867 1379 et
895 1316 1024 1382 iteratis
1049 1317 1192 1384 vocibus
1217 1328 1290 1404 post
1309 1341 1422 1388 annos.
1463 1321 1516 1387 lta

404 1434 489 1498 enim
512 1435 608 1499 Plinii
628 1436 735 1500 verba
753 1447 790 1499 ut
808 1434 1028 1501 emendentur
1049 1455 1135 1520 opus
1162 1446 1233 1503 est:

445 1541 535 1617 inter
556 1550 720 1637 Cycladas
753 1550 862 1615 lbera
881 1560 916 1614 et
940 1551 1117 1633 Titaresios,
1149 1555 1237 1619 inter
1260 1556 1391 1623 easdem
1416 1556 1514 1642 olym·

443 1670 552 1756 piaclis
569 1668 675 1736 CXL
683 1670 725 1737 V.
754 1692 844 1733 anno
865 1679 983 1763 quarto
1004 1670 1113 1736 Hiero
1141 1672 1318 1769 eademque
1338 1675 1515 1739 Automate

445 1797 479 1852 ct
497 1786 539 1852 ob
552 1810 593 1852 eo
607 1786 732 1851 duobus
753 1786 869 1852 stadiis
885 1797 958 1873 post
968 1810 1074 1853 annos
1093 1787 1123 1854 0
1129 1788 1204 1855 CX
1207 1792 1244 1855 X
1248 1792 1325 1857 XX
1327 1794 1353 1857 1
1357 1795 1384 1857 1
1403 1802 1514 1859 nostro

444 1929 525 1971 ceco
545 1907 647 1970 lunio
669 1904 785 1971 Silano
807 1926 870 1969 cos.
892 1927 922 1971 α.
938 1906 976 1973 d.
1001 1906 1111 1974 VIII.
1131 1908 1206 1973 idus
1224 1909 1334 1973 Iulias
1356 1911 1451 1976 Thia.

487 2026 618 2103 Quodsi
634 2046 665 2090 a.
679 2025 725 2094 ol.
740 2023 873 2091 CXLV.
884 2024 917 2092 4.
931 2029 1115 2111 respondet
1137 2048 1224 2093 anno
1241 2049 1272 2093 a.
1289 2051 1318 2094 u.
1335 2050 1368 2099 a.
1378 2029 1516 2111 DLVll,

403 2145 524 2211 additis
552 2145 649 2208 annis
671 2143 892 2208 ccxxxxll
914 2165 1035 2210 annum
1057 2148 1281 2213 nanciscimur
1300 2146 1515 2214 DGGXGIX.

400 2263 433 2326 id
448 2271 501 2325 est
511 2261 640 2325 Valerii
652 2260 793 2323 Asiatici
813 2269 848 2322 et
860 2258 941 2321 lunii
954 2259 1058 2324 Silani
1078 2264 1296 2341 consulatum,
1313 2286 1379 2347 quo
1394 2264 1517 2331 Tbiam

401 2376 541 2445 insulam
559 2386 691 2441 enatam
705 2394 784 2439 esse
799 2383 942 2439 constat.
965 2375 1002 2439 ln
1016 2377 1131 2441 codice
1144 2389 1254 2443 autem
1266 2378 1359 2443 Plinii
1373 2378 1514 2462 antiquo

402 2498 458 2583 qui
478 2494 774 2579 protarcbetypum
795 2491 947 2557 exaravit
960 2492 1127 2573 librarius,
1147 2494 1323 2563 deficiente
1347 2493 1515 2580 inpriore

401 2636 503 2680 versu
520 2613 713 2678 membrana
725 2610 815 2673 baec
830 2610 878 2675 ita
888 2612 1017 2695 scripta
1036 2614 1232 2697 repperisse
1254 2603 1420 2701 putandus
1442 2624 1513 2682 esta

566 2752 607 2795 m
629 2753 670 2795 All
691 2752 734 2794 ΕΔ
755 2749 866 2794 nvoltvs
887 2750 1005 2799 suabila
1028 2753 1104 2795 Post
1126 2754 1224 2799 ΔΝΝΜ
1246 2756 1322 2797 CXXX

1248 2854 1308 2899 0111

564 2937 682 2981 ΜΕΝ)
704 2935 795 2981 anve.

481 3036 577 3103 Duos
604 3036 704 3121 igitur
734 3035 887 3099 diversos
917 3055 1073 3101 numeros
1103 3033 1170 3119 legi
1192 3043 1285 3099 ratus
1310 3034 1465 3099 librarius
1489 3054 1511 3099 e

398 3157 574 3240 superiore
599 3172 700 3217 versu
723 3152 830 3214 verba
858 3160 931 3235 post
956 3173 1060 3216 annos
1092 3152 1242 3232 iteravit,
1272 3152 1361 3217 unde
1385 3150 1510 3216 factum

398 3282 452 3337 est
482 3281 518 3334 ut
547 3270 704 3333 miserum
732 3266 765 3329 in
791 3248 923 3330 modum
953 3270 1063 3332 omnia
1094 3269 1399 3351 pessumdarentur.
1442 3270 1512 3335 Ubi

399 3389 484 3454 enim
506 3388 593 3451 itae
617 3386 748 3450 duobus
770 3383 938 3449 miraculis
962 3387 1025 3448 tria
1044 3385 1242 3472 factasunt,
1264 3389 1380 3474 primo,
1402 3399 1439 3453 ut
1459 3388 1510 3452 vi·

399 3509 511 3584 detur,
538 3525 676 3570 numero
700 3502 833 3571 CXLV.
855 3504 889 3567 in
914 3499 1040 3570 CXLll.
1067 3517 1244 3590 corrupto,
1270 3508 1419 3572 rationes
1440 3527 1510 3569 non

397 3637 556 3694 constare
572 3623 733 3689 intellexit
742 3619 842 3686 homo
863 3642 930 3685 non
946 3620 1100 3688 indoctus
1122 3643 1249 3711 easque
1271 3644 1376 3711 prava
1386 3623 1510 3689 seduli-

396 3756 465 3811 tate
491 3744 663 3828 corrigere
694 3750 835 3806 conatus
864 3751 926 3809 est.
994 3740 1126 3806 Annum
1154 3740 1351 3828 olympiadis
1379 3741 1508 3808 CXLII.

397 3877 550 3950 quartum
576 3862 785 3946 respondere
811 3858 1044 3924 animadvertit
1069 3880 1156 3926 anno
1183 3880 1215 3929 a.
1233 3883 1263 3927 u.
1281 3860 1429 3927 ¹c.DVll.
1452 3863 1509 3928 vel

396 3981 485 4049 DVl.
542 3982 628 4047 Huic
656 3976 784 4045 CXXX
814 3977 911 4042 annis
943 3977 1107 4044 adiunctis
1137 3999 1257 4045 annum
1284 3991 1404 4047 nactus
1434 3994 1510 4047 erat

396 4098 619 4184 DCXXXVl‚
633 4100 695 4163 ¹eui
717 4118 814 4183 quum
837 4114 944 4158 annos
968 4097 1108 4164 adderet
1131 4098 1230 4179 cxli,
1254 4100 1367 4166 incidit
1388 4099 1421 4165 in
1444 4120 1509 4165 an-

395 4240 473 4286 num
487 4214 798 4294 DCCXXXXVlll,
813 4235 879 4299 quo
901 4214 1047 4281 Laelium
1060 4215 1198 4280 Balbum
1214 4218 1383 4284 consulem
1397 4216 1507 4284 fuisse

395 4337 535 4405 sciebat.
585 4333 722 4400 Addidit
747 4333 846 4418 igitur
871 4334 904 4397 in
931 4333 1081 4419 margine
1111 4332 1225 4398 Laelio
1245 4334 1365 4415 Balbo,
1398 4334 1507 4402 Silani

367 4472 371 4481 ·
394 4475 517 4523 nomen
538 4474 655 4521 errore
677 4462 785 4519 ortum
808 4472 886 4517 esse
905 4455 1093 4519 arbitratus.
1136 4450 1222 4517 Hinc
1241 4454 1375 4519 tandem
1393 4454 1507 4521 evenit

394 4575 482 4642 utin
503 4574 629 4642 nostris
651 4572 825 4641 codicibus
847 4579 881 4639 et
900 4570 1027 4639 Balbus
1048 4569 1163 4640 Silano
1186 4568 1320 4659 collega
1340 4572 1506 4639 tribuere·
