3567 5559
356 1925 418 1992 tta

434 555 497 624 12)
884 551 986 620 Lt’har
1009 549 1097 619 VII.

432 739 668 828 Borysthenen
688 737 841 804 habitare
863 737 1036 804 traffiderit
1055 739 1227 826 Isigonus,
1246 738 1472 806 Sauromatas
1490 739 1564 805 ihi-

434 859 511 924 rlem
532 857 702 924 collocare
719 857 929 950 nonpotuit.
981 857 1081 931 Quod
1103 857 1203 942 igitur
1223 857 1256 921 in
1279 857 1354 922 eorl.
1376 857 1404 920 T
1427 856 1564 942 legitur

433 979 522 1054 xiil,
543 977 611 1043 hoe
634 975 709 1040 loeo
731 974 958 1059 recipiendum
980 986 1043 1040 est.
1073 973 1154 1039 lllos
1172 984 1282 1040 autern
1301 975 1562 1042 PliniuslV.88.

433 1116 501 1162 non
528 1105 596 1160 tam
625 1104 783 1158 accurate
810 1111 909 1178 quarn
936 1091 1114 1178 evulgari
1142 1094 1310 1180 scriptura
1336 1094 1471 1159 videtur
1492 1095 1562 1158 de-

433 1215 581 1299 scripsit.
624 1215 739 1298 ltaque
762 1221 915 1296 praestat
933 1213 1040 1277 verba
1062 1213 1182 1298 quihus
1204 1215 1248 1278 ad
1261 1213 1379 1279 librum
1396 1224 1562 1298 quartum

433 1331 595 1398 lectorem
616 1329 738 1412 refert,
768 1330 814 1394 ita
835 1331 950 1414 potius
969 1330 1219 1416 interpungere,
1240 1341 1276 1396 ut
1297 1351 1478 1396 mensurae
1499 1331 1561 1396 in·

435 1450 559 1515 dicatio
580 1449 624 1511 ari
647 1449 815 1533 lsigonum
837 1448 1024 1531 pertineata

484 1566 640 1644 Priores
662 1566 1021 1666 Anthropophagos,
1062 1593 1155 1666 quos
1184 1570 1230 1645 atl
1257 1567 1557 1669 septentrionem

486 1727 572 1780 asse
593 1702 768 1795 diximus,
790 1701 921 1777 decem
949 1701 1095 1778 dierum
1120 1711 1182 1784 rel.

809 1887 813 1894 ¹
867 1903 1125 1981 l8=ibidem

486 2045 595 2122 Adeo
618 2055 791 2139 naturae,
822 2068 906 2119 cum
932 2044 1093 2118 serarum
1117 2067 1257 2118 morem
1279 2041 1456 2118 vescendi
1485 2042 1557 2118 hu-

486 2178 822 2255 manisvisceribus
843 2178 889 2254 in
911 2177 1089 2252 homine
1111 2176 1373 2276 genuisset,
1394 2177 1556 2276 gignere

487 2311 598 2386 etiam
636 2312 674 2385 in
712 2322 790 2385 toto
827 2337 986 2410 corpore
1020 2323 1059 2387 et
1089 2312 1127 2387 in
1160 2313 1389 2412 quorundam
1430 2314 1556 2388 oculis

486 2468 787 2544 quoquevenena
804 2444 954 2544 placuit,
976 2471 1023 2520 ne
1046 2447 1133 2545 quid
1153 2472 1307 2547 usquam
1328 2447 1413 2523 mali
1434 2463 1553 2544 esset,

487 2582 587 2684 quod
608 2580 646 2656 iu
667 2580 815 2658 homine
841 2607 915 2657 non
941 2593 1054 2657 esset.

518 2753 620 2837 Ferri
641 2752 772 2841 quidem
805 2773 911 2838 posse
943 2735 1113 2840 vulgatam
1145 2753 1346 2839 scripturam
1382 2755 1554 2839 oonoedo,

434 2892 535 2958 quam
562 2870 699 2939 Solinus
723 2892 856 2957 quoque
885 2891 916 2939 a.
933 2870 982 2938 15.
1010 2870 1155 2935 humana
1178 2872 1312 2937 viscera
1343 2873 1438 2938 eibos
1468 2894 1552 2938 exe-

435 2992 584 3058 orandas
610 2990 852 3076 appellaverim
881 2990 944 3054 sed
976 2990 1030 3054 vix
1052 2987 1223 3054 ferendam
1246 3010 1325 3055 esse
1351 3002 1385 3056 et
1406 2992 1457 3055 vir
1481 2993 1553 3078 qui·

435 3111 512 3176 dam
542 3111 662 3176 doetus
694 3111 785 3194 apud
806 3109 1062 3196 Daleeampiutn
1094 3120 1127 3174 et
1154 3109 1188 3175 B.
1214 3108 1400 3175 Rhenanus
1427 3113 1551 3191 sensit,

434 3249 575 3314 quorum
613 3226 827 3291 coniecturas
862 3227 953 3308 apud
993 3225 1153 3312 Silligium
1184 3239 1237 3293 est
1272 3229 1398 3315 legere.
1459 3231 1551 3296 Nam

433 3344 574 3429 primunr
597 3342 775 3427 displicent
802 3345 907 3407 verba
933 3343 970 3405 ia
997 3343 1128 3408 homine
1155 3348 1187 3411 in
1216 3349 1334 3413 eodem
1364 3370 1471 3416 sensu
1499 3353 1553 3416 his

433 3458 587 3545 repetita,
607 3459 739 3536 deinde,
755 3458 844 3542 quod
863 3457 1001 3544 gravius
1017 3471 1079 3537 est,
1097 3462 1210 3549 inepte
1222 3468 1321 3532 homo
1340 3471 1400 3533 toti
1413 3470 1553 3554 corpori

434 3577 633 3664 opponitur,
652 3586 689 3642 ut
711 3576 801 3640 initio
823 3576 865 3640 de
883 3575 1034 3653 homine,
1057 3589 1123 3644 trun
1146 3583 1187 3648 de
1208 3594 1278 3650 toto
1300 3609 1468 3674 torpore,
1493 3611 1553 3675 po.

432 3707 557 3762 stremo
580 3695 621 3758 de
645 3691 753 3758 oeulis
774 3693 917 3759 hominis
930 3692 1053 3760 Plinius
1075 3696 1163 3784 loqui
1183 3701 1348 3775 videatur.
1377 3709 1446 3774 latu
1463 3730 1551 3775 vero

343 3804 345 3809 ¹
434 3815 517 3882 nihil
543 3812 677 3881 facilius
704 3814 776 3881 fieri
800 3816 917 3900 potuit,
945 3836 1043 3902 quum
1067 3828 1102 3883 ut
1127 3823 1291 3888 voeabula
1314 3827 1350 3890 ia
1375 3827 1506 3893 homine
1530 3851 1553 3894 a

433 3939 549 4006 sariba
580 3958 599 4003 e
626 3939 815 4022 posteriore
848 3958 951 4002 versu
985 3937 1017 4004 in
1051 3939 1189 4006 similem
1219 3944 1332 4010 looum
1363 3949 1552 4032 superioris

434 4054 707 4122 transferrentur.
751 4057 826 4129 Quo
854 4056 1002 4122 admisso
1032 4059 1196 4125 eoneinna
1222 4075 1381 4130 nascetur
1414 4077 1448 4132 et
1475 4087 1552 4132 oum

433 4171 600 4236 brevitate
622 4172 800 4236 coniuncta
819 4171 987 4234 sermonis
1010 4173 1199 4258 elegantia:

477 4285 571 4351 Adeo
599 4295 760 4365 araturae,
791 4307 865 4348 eum
889 4285 1040 4372 ferarum
1068 4315 1189 4358 morem
1217 4298 1371 4364 vescendi
1397 4301 1554 4369 gummi,

477 4403 655 4470 vitaer-ibas
676 4404 885 4494 ingemuisset
902 4402 963 4469 rel.

518 4521 846 4609 lto§.lt.1egtmus=
868 4521 1003 4588 aarum
1019 4506 1147 4611 tama
1166 4528 1349 4617 amaram
1369 4531 1435 4621 aar
1447 4540 1551 4605 um.
