3567 5559
434 704 476 778 74
885 705 978 772 attor
997 704 1089 770 XIX.

516 901 752 980 Quaerentibus
781 902 891 985 nobis,
927 900 1087 988 quomodo
1118 899 1258 972 Plinium
1293 899 1335 966 ab
1359 897 1527 966 incredibili

290 1059 305 1079 ··
433 1041 555 1102 errore,
584 1039 647 1106 quo
674 1018 777 1105 Cyrus
803 1020 958 1105 Assyriae
985 1039 1045 1083 rex
1070 1018 1203 1100 dieitur,
1238 1018 1426 1099 liberemus,
1453 1035 1529 1082 unus

433 1137 590 1226 Apuleius
611 1136 697 1200 viam
717 1142 890 1218 monstrat,
918 1134 1046 1200 codices
1067 1136 1152 1200 enim
1180 1142 1306 1199 nostros
1327 1154 1346 1198 e
1371 1133 1453 1198 libro
1474 1131 1528 1195 hoc

434 1253 562 1341 quidem
588 1253 660 1317 looo
680 1252 871 1334 interpolato
902 1251 1079 1337 descriptos
1102 1271 1174 1316 esse
1206 1257 1320 1337 sponte
1340 1248 1529 1334 intelligitur.

433 1369 485 1436 Ex
503 1370 553 1434 his
573 1370 671 1455 igitur
691 1369 820 1455 Apuleii
841 1369 962 1434 verbis:

473 1493 548 1552 aas
568 1491 802 1576 idcssamtramir
821 1491 885 1549 siae
907 1491 1026 1566 assyria
1047 1489 1170 1564 areayr'a
1191 1490 1283 1564 syriis
1301 1487 1376 1562 fecit

496 1603 564 1670 Sili.
582 1605 711 1690 egregie
725 1603 854 1689 quidem
866 1603 975 1668 elicuit
988 1607 1133 1685 Assyriae
1148 1608 1267 1684 rapina,
1289 1600 1349 1665 sed
1363 1601 1441 1676 dnm
1453 1597 1531 1664 codi-

435 1742 508 1788 cum
529 1729 562 1788 et
584 1721 714 1808 Apuleii
733 1722 888 1785 lectiones
907 1725 1028 1783 temere
1051 1719 1269 1784 contaminare
1286 1718 1405 1801 studet,
1427 1739 1457 1782 v.
1477 1721 1533 1780 aaa

433 1860 518 1928 pone
533 1860 561 1907 ι,
574 1844 681 1918 reataa
696 1839 893 1924 transposuit
915 1843 946 1902 et
966 1859 996 1902 v.
1019 1843 1096 1902 alias
1110 1836 1269 1902 excidisse
1291 1841 1381 1900 ratus
1396 1833 1532 1918 aaran

435 1957 805 2040 Syriamutarit.1anns
827 1961 935 2020 autem
956 1957 1127 2041 Apuleium
1147 1954 1299 2039 neglexit,
1320 1953 1354 2016 in
1375 1949 1533 2018 codicibus
1605 1963 1606 2038 3

436 2079 531 2159 tyras
551 2079 684 2158 eSyras
697 2079 879 2159 corruptum
893 2093 966 2137 esse
983 2072 1154 2137 arbitratus
1177 2077 1235 2154 est,
1256 2070 1364 2152 credo,
1386 2089 1461 2134 eum
1482 2067 1532 2131 As·
1605 2055 1606 2146 l

435 2193 540 2280 syriae
560 2212 670 2278 regem
688 2193 797 2256 neseio
819 2184 914 2276 quem
934 2192 1052 2276 Syrum
1072 2189 1248 2275 imperasse
1278 2188 1338 2253 sibi
1358 2185 1532 2274 persuasis-

435 2316 494 2376 set
535 2309 603 2382 Nos
639 2328 716 2375 vero
744 2311 915 2394 Apuleium
942 2299 1067 2372 summa
1107 2305 1172 2371 fide
1214 2326 1394 2392 sequemur.
1438 2305 1531 2387 Assy·

433 2427 502 2491 riae
530 2428 552 2491 i.
574 2447 602 2491 e.
629 2426 877 2512 Babyloniorum
909 2427 1053 2513 reginam
1081 2425 1265 2490 nominasse
1294 2422 1459 2510 putandus
1490 2423 1533 2483 est

435 2543 608 2630 (Assyriae
622 2544 706 2609 enim
718 2545 848 2609 nomine
858 2531 1070 2631 Babyloniam
1086 2542 1313 2629 comprehendi
1332 2543 1385 2608 vel
1403 2542 1464 2615 vl.
1478 2539 1531 2606 117

435 2668 468 2728 ct
489 2661 548 2728 121
571 2661 743 2743 efficitur),
786 2681 921 2750 eamque
950 2663 1079 2727 nomine
1114 2661 1272 2746 appellat,
1313 2661 1404 2726 ouius
1429 2659 1531 2724 ultima
1605 2731 1606 2740 .

435 2780 558 2868 syllaba
587 2786 633 2844 ris
660 2779 835 2844 etiamnum
866 2786 987 2844 exstat:
1015 2779 1174 2865 reliquum
1201 2785 1251 2842 est
1279 2785 1315 2842 nt
1340 2780 1462 2865 primas
1491 2776 1532 2839 in·

434 2899 599 2984 degemus.
641 2899 753 2982 ltaque
774 2915 875 2984 neque
897 2897 938 2960 de
959 2897 1071 2961 Aroito
1092 2917 1197 2984 neque
1227 2896 1267 2961 de
1289 2895 1431 2962 Amuhia
1452 2891 1529 2978 eogi-

432 3016 494 3081 tari
512 3013 606 3094 licet,
625 3033 721 3100 quam
741 3035 759 3079 e
782 3015 929 3100 Syncello
953 3021 985 3079 et
1006 3034 1048 3102 ex
1068 3015 1260 3080 Armeniaca
1282 3013 1416 3078 Eusebii
1439 3015 1528 3077 inter·

433 3132 613 3220 pretatione
640 3133 786 3197 novimus
823 3133 879 3218 (es.
904 3131 1058 3197 Niebuhr.
1092 3152 1201 3218 opusc.
1227 3132 1254 3197 I.
1281 3154 1313 3217 p.
1339 3131 1434 3216 208),
1478 3124 1530 3192 etsi
1605 3123 1606 3204 l

434 3249 571 3315 eandem
592 3248 692 3313 fuisse
711 3256 855 3335 apparet,
877 3269 959 3335 quae
982 3249 1118 3314 eMedia
1135 3249 1334 3334 Babylonem
1352 3247 1529 3324 advenerat,
1605 3263 1606 3336 3

432 3366 712 3432 Nebuoadnezaris
739 3388 884 3432 uxorem.
927 3367 1010 3432 Nam
1038 3367 1105 3434 sira
1134 3366 1174 3430 ab
1204 3367 1259 3430 illa
1286 3366 1353 3431 sive
1383 3362 1529 3430 emerito

433 3485 543 3548 hortos
570 3484 711 3569 pensiles
739 3490 918 3548 exstructos
941 3504 1012 3548 esse
1041 3490 1073 3548 et
1094 3487 1234 3548 Berosus
1257 3482 1344 3568 apud
1365 3480 1528 3570 Iosephum
1605 3451 1606 3504 l

433 3604 469 3665 X.
493 3603 533 3667 11
555 3606 588 3665 et
609 3601 770 3665 Diodorus
782 3603 819 3666 ΙΙ.
842 3601 882 3668 10
903 3601 1063 3686 Pliniique
1086 3601 1229 3687 aequalis
1251 3599 1379 3664 Curtius
1402 3597 1441 3662 V.
1457 3595 1529 3670 135

433 3719 639 3785 tradiderunt.
682 3719 777 3783 Aliud
818 3719 916 3805 igitur
959 3737 1076 3783 nomen
1109 3717 1428 3805 circumspiciendum
1466 3713 1529 3792 crit,

433 3838 519 3926 quod
552 3839 579 3904 is
609 3837 664 3924 qui
690 3836 724 3901 in
757 3836 862 3901 indice
896 3843 1059 3900 auctorum
1087 3841 1309 3918 enumeratur,
1350 3833 1527 3899 Herodotus

433 3955 459 4021 I.
481 3957 542 4023 185
564 3954 764 4041 suppeditat,
793 3955 946 4041 cuiusque
968 3955 1071 4039 prima
1100 3949 1206 4018 littera
1228 3973 1300 4017 cum
1322 3950 1528 4038 praecedente

435 4071 589 4136 vocabulo
611 4071 745 4138 confusa
767 4080 881 4137 exstat.
925 4072 1152 4147 Quidmulta?
1171 4070 1342 4157 legendum
1360 4075 1425 4134 est:

474 4194 538 4251 siae
558 4193 625 4252 illos
645 4194 818 4256 Semiramis
837 4197 899 4256 siae
919 4195 1063 4273 Assyriae
1083 4195 1191 4269 rapina
1214 4193 1384 4254 Nitooris
1402 4190 1486 4265 sacre.

518 4303 668 4369 Getarum
690 4307 810 4371 Plinius
831 4308 997 4393 promissis
1013 4329 1078 4372 non
1102 4307 1199 4389 stetit,
1221 4311 1359 4392 namque
1380 4297 1526 4368 XXXVI·

399 4475 406 4486 ,
433 4423 476 4491 94
496 4421 537 4486 de
558 4421 808 4510 Babyloniorum
829 4423 930 4490 hortis
951 4425 1030 4489 nihil
1049 4422 1167 4504 retulit,
1190 4421 1311 4487 seilicet
1331 4427 1526 4507 praematura

434 4549 535 4608 morte
558 4540 726 4626 quominus
747 4560 827 4626 opus
849 4543 1030 4607 absolveret
1050 4539 1265 4628 praepeditus.
1295 4539 1414 4624 Magno
1435 4539 1524 4624 igitur

357 4723 360 4728 .
432 4664 620 4745 argumento
643 4657 771 4744 Apuleii
798 4659 972 4746 excerptis,
1008 4665 1079 4723 utut
1108 4656 1286 4743 corruptis,
1320 4651 1525 4725 maiorcmiu
