3567 5559
234 747 290 812 sis
313 763 410 810 saec.
429 742 520 830 XV)
547 740 700 807 exhibet:
725 741 791 808 ΒΤ
819 742 937 830 legunt
964 743 1009 806 od
1033 753 1254 830 prospectum,
1284 744 1361 810 det

232 871 459 951 prospectam,
502 861 614 938 Quam
638 881 704 925 non
730 861 959 945 corruptelam
981 883 1061 946 ego,
1095 863 1181 928 sicut
1201 861 1359 950 snagins,

234 982 306 1048 sed
333 1001 451 1046 veram
477 1000 740 1066 germanamque
774 979 956 1046 lectionem
987 1001 1067 1047 esse
1102 983 1265 1060 arbitror,
1297 983 1360 1048 etsi

235 1099 415 1184 vulgatam
437 1097 573 1164 facilius
596 1097 756 1184 explicari
783 1100 977 1165 concedam.
1029 1100 1118 1175 Quid
1144 1101 1290 1166 enimin
1319 1122 1360 1166 eo

237 1239 351 1285 sensu
378 1218 612 1302 reprehendas
642 1238 740 1304 quem
768 1217 925 1312 suppl-eta
949 1240 1036 1284 voce
1066 1241 1170 1313 usque
1197 1219 1359 1304 explicari

237 1336 327 1401 licet
368 1336 429 1414 „A
453 1336 554 1402 laeva
578 1336 788 1417 Adiabenos,
825 1338 856 1403 si
883 1338 1015 1424 quidem
1047 1337 1192 1422 Tigridis
1226 1359 1360 1403 cursum

242 1455 474 1539 speraveris,
507 1455 671 1520 orientem
691 1476 814 1522 versus
837 1457 1027 1521 extenditur
1050 1455 1165 1521 Media
1186 1458 1360 1543 usquead

243 1583 382 1637 montes
416 1571 637 1639 Cadusiorum
667 1585 700 1641 et
727 1573 926 1660 Caspiorum
958 1573 1023 1660 (cf.
1045 1573 1145 1662 §.36‚
1165 1573 1219 1644 39.
1239 1587 1273 1640 et
1289 1575 1360 1660 45),

240 1694 336 1760 uude
357 1691 518 1778 Caspium
539 1713 632 1758 mare
652 1693 903 1778 prospicitur“‘t
928 1692 1090 1759 Staudum
1112 1695 1174 1760 erit
1195 1695 1295 1781 igitur
1315 1697 1358 1760 ab
1381 1765 1384 1771 ,

240 1813 381 1900 optimis
401 1811 497 1878 libris
512 1821 547 1878 et
568 1812 798 1878 scribendum:

282 1971 331 1986 -
351 1933 443 2020 reqio
462 1929 638 1994 Medorum
657 1939 706 1994 est
722 1930 772 1994 ud
791 1939 1049 2018 prospectum
1073 1929 1185 2016 Caspii
1205 1931 1318 1996 moria.

331 2053 362 2139 §.
368 2052 421 2120 47.
432 2034 624 2133 corruptam
637 2069 715 2113 esse
728 2061 884 2136 apparet,
895 2050 957 2116 sed
970 2047 1048 2136 quid
1057 2049 1101 2113 ibi
1114 2047 1293 2133 legendum
1305 2050 1360 2129 sit,
1437 2065 1442 2072 ·

223 2170 464 2256 -ingeniosiori
487 2169 560 2233 viro
580 2141 814 2233 inveniendum
837 2166 1000 2254 relinquo.
1030 2165 1278 2253 §.52.'learum
1297 2167 1362 2234 ssu-

246 2309 332 2353 men
354 2308 513 2372 nusquam
538 2298 676 2372 praeter
696 2287 730 2351 h.
745 2286 765 2354 Ι.
786 2287 918 2353 obvium
939 2288 973 2351 in
995 2285 1157 2350 Bactrum
1187 2289 1361 2372 corrigen-

246 2409 328 2472 dum
351 2427 430 2472 csse
450 2389 601 2472 Ritterns
623 2405 683 2470 As.
701 2406 738 2474 ΙΙ.
761 2430 793 2492 p.
806 2405 881 2472 560.
908 2407 1092 2493 perspexit.
1141 2407 1185 2472 Et
1213 2430 1251 2474 re
1278 2428 1360 2474 vera

243 2548 315 2594 non
334 2525 476 2590 leonem
495 2525 621 2590 habent
641 2525 741 2591 codd.
758 2525 859 2610 Mss,
888 2526 950 2591 sed
972 2526 1112 2592 lucrum
1133 2525 1166 2592 R
1189 2538 1223 2592 et
1244 2527 1360 2593 meiius

245 2648 351 2714 etiam
371 2641 536 2710 Iaebram
556 2643 645 2712 TPd.

678 2797 930 2894 58:17,21.
1020 2809 1022 2816 ’
1382 2805 1443 2869 lat)
1528 2793 1535 2806 '

299 2931 464 3034 (India)
488 2933 672 3033 patefacta
698 2942 814 3008 est...
842 2944 881 3006 et
906 2930 986 3006 aliis
1009 2930 1224 3009 auctoribus
1241 2930 1362 3009 Grac-

303 3069 359 3145 cis
385 3067 461 3168 qui·
475 3094 557 3144 cum
584 3068 736 3169 regibus
761 3064 902 3143 Indicis
928 3067 1079 3164 morati,
1117 3066 1213 3142 sicut
1238 3066 1363 3166 Mega-

303 3204 452 3280 sthenes
479 3224 516 3280 et
540 3204 745 3306 Dionysius
772 3202 1059 3306 aPhiladelpho
1086 3204 1221 3282 missus
1248 3229 1297 3280 ex
1320 3227 1364 3278 ea

300 3365 426 3436 causa,
454 3340 552 3418 vires
578 3369 726 3444 qnoque
753 3343 917 3444 gentium
937 3343 1152 3444 prodidere.

335 3477 435 3552 Quae
456 3478 589 3542 tandem
613 3497 718 3543 causa
740 3477 851 3557 fuerit,
874 3499 936 3544 cur
953 3480 996 3544 ad
1017 3497 1118 3564 reges
1138 3479 1294 3544 ludorum
1316 3477 1363 3542 le·

247 3597 320 3682 gati
342 3596 570 3676 mitterentur,
599 3618 618 3661 e
642 3596 736 3662 Plinii
756 3598 868 3662 verbis
889 3616 956 3662 non
978 3597 1111 3662 elucere
1134 3609 1228 3662 recte
1250 3606 1364 3662 mouet

249 3713 548 3780 Schwanbeckius
561 3715 613 3780 De
625 3714 848 3800 Megasthene
863 3738 896 3800 p.
905 3715 956 3780 20.
979 3717 1097 3800 Neque
1117 3735 1190 3780 eam
1213 3715 1364 3778 indicare

248 3832 418 3897 inanimo
440 3831 566 3919 habuit,
588 3835 650 3901 sed
669 3846 854 3921 propterea
874 3835 966 3898 vires
987 3832 1102 3917 populi
1125 3851 1166 3894 ac
1190 3829 1364 3893 multitudi-

250 3971 333 4014 nem
353 3951 544 4018 accuratius
565 3953 728 4039 elegatis
758 3950 905 4018 describi
933 3951 1086 4032 potuisse
1108 3947 1256 4030 tradidit,
1283 3966 1365 4031 quo·

252 4071 344 4133 niam
373 4070 495 4136 diutius
519 4074 608 4157 apud
638 4093 740 4160 reges
770 4071 890 4136 morati
923 4078 1052 4148 essent,
1090 4067 1203 4134 addita
1233 4064 1366 4166 scilicet

251 4207 360 4254 causa
380 4209 479 4274 quam
502 4188 555 4255 his
576 4192 688 4256 verbis
709 4190 893 4256 in‘ineerto
915 4187 1048 4272 reliquit
1070 4189 1194 4255 Strabo
1211 4188 1248 4254 ΙΙ.
1265 4211 1296 4273 p.
1308 4187 1364 4252 70=

251 4307 474 4395 ὑπομνίμιανα
494 4310 548 4391 τῆς
569 4309 752 4397 ἀποδημίας
771 4308 941 4376 κατέλιπον
958 4308 1101 4393 τοιαῦτα,
1122 4307 1174 4393 ὑφ’
1191 4297 1228 4390 ἧς
1241 4304 1280 4388 δή
1293 4328 1366 4371 ποτε

252 4425 360 4505 αἰτίας
380 4425 612 4512 neomeniarum
645 4429 743 4494 Unde
764 4426 981 4514 consequitur
1003 4427 1269 4512 interpunctione
1291 4445 1366 4490 cor-

253 4558 350 4610 recta
371 4545 552 4631 legendum
575 4568 672 4613 esse:
693 4548 824 4628 musae,
846 4568 890 4612 ex
911 4567 951 4612 eu
972 4567 1074 4614 conso
1093 4548 1179 4611 uires
1200 4542 1262 4608 rel.
