3567 5559
709 723 800 785 Liber
820 723 910 785 XVI.
1324 716 1359 790 ’9
1401 807 1404 816 ¹

246 914 343 980 facile
374 917 596 1002 corrigemus,
631 936 704 980 cum
728 917 812 979 male
838 916 872 979 in
893 914 1057 980 codicibus
1079 914 1250 980 coniuncta
1270 922 1358 980 recte

246 1027 490 1114 distinguemus
521 1053 704 1118 paucasque
733 1033 856 1096 litteras
885 1032 1089 1098 mutabimus.
1146 1031 1359 1118 Opponuntur

247 1150 359 1209 autem
382 1145 480 1210 radix
508 1154 542 1214 et
569 1149 680 1232 arbor,
712 1148 829 1215 deinde
849 1147 986 1214 materia
1007 1154 1039 1213 at
1059 1148 1170 1233 arbor,
1206 1155 1239 1214 et
1259 1148 1359 1215 radici

247 1260 380 1347 quidem
410 1272 561 1345 crispanti
588 1265 640 1330 vel
663 1265 770 1350 potius
801 1271 977 1347 crispiccnti
1009 1271 1114 1347 (crispi
1126 1315 1151 1333 ..
1165 1273 1247 1332 canei
1274 1265 1359 1330 enim
1477 1293 1485 1304 ·

245 1378 346 1446 habet
363 1380 441 1446 cod.
463 1386 499 1463 a)
518 1382 612 1447 arbor
624 1403 687 1447 non
705 1388 779 1447 lenis
799 1382 857 1447 sed
877 1389 960 1466 levis,
974 1383 1080 1448 arbori
1097 1384 1240 1466 materia,
1262 1402 1359 1468 quam

248 1496 292 1561 sic
314 1496 508 1562 describunt
529 1497 674 1563 codices:

235 1703 239 1710 Ι
288 1634 307 1677 a
329 1615 443 1700 quiest
463 1615 598 1679 materia
619 1615 780 1679 silenti‘et
801 1615 940 1700 quadam
961 1615 1086 1680 duritie.
1171 1593 1176 1600 ⁵

288 1733 309 1796 d
332 1731 606 1821 quies‘materiae
628 1732 753 1796 silentio
775 1731 913 1817 quodam
936 1738 968 1796 et
989 1732 1115 1796 duritie.
1260 1805 1265 1810 ,

328 1851 403 1914 Iam
435 1868 510 1914 vero
540 1855 635 1928 quies!
659 1848 712 1913 vel
741 1854 825 1927 quies
855 1837 935 1912 nihil
965 1846 1051 1911 aliud
1073 1853 1123 1911 est
1144 1866 1240 1932 quam
1261 1851 1358 1927 cuius,

249 1974 407 2031 marniaci
428 1966 480 2030 vel
501 1970 671 2030 muteriuesi
692 1985 789 2050 qnam
811 1969 938 2028 materia
959 1974 1011 2047 est,
1033 1969 1106 2027 lenti
1125 1974 1154 2026 et
1176 1983 1272 2048 quam
1294 1968 1358 2027 len-

252 2090 326 2167 titia,
349 2083 470 2169 quibus
493 2083 643 2147 correctis
664 2082 747 2146 hene
768 2082 939 2146 lectionem
961 2079 1190 2145 nanciscimur:

288 2205 325 2264 de
346 2212 452 2266 cetero
475 2204 546 2277 leui,
577 2206 665 2263 cairo
690 2204 818 2262 materia
847 2209 892 2262 est
912 2203 1026 2262 territe
1047 2202 1178 2277 quadam
1201 2208 1230 2262 ct
1251 2202 1359 2264 duritie

291 2337 329 2381 cc
346 2325 471 2410 pallore
493 2321 744 2381 commendabilis.

329 2433 383 2498 Ne
412 2434 562 2520 proxima
596 2433 725 2519 quidem
753 2429 851 2522 verba
878 2423 1053 2515 persanata
1074 2439 1170 2526 sunt:¹
1198 2439 1358 2521 oleastrum
1409 2471 1414 2481 ·

256 2550 335 2615 enim
367 2552 493 2616 buxum
521 2549 675 2636 appellari
695 2549 815 2636 nequit.
858 2547 935 2611 'Pria
957 2568 1078 2634 genera
1109 2548 1357 2634 distinguuntur,

186 2707 191 2713 ·
259 2664 429 2750 Gallicum,
456 2657 684 2749 nostrate,'ut
710 2672 797 2730 recte
829 2672 904 2729 ante
928 2664 995 2730 Sill.
1016 2665 1184 2751 legebatur
1206 2666 1227 2730 i.
1253 2687 1280 2731 e.
1304 2667 1357 2730 sil·

258 2789 357 2849 vestre
390 2791 465 2849 satu
496 2769 675 2870 mitigatum
703 2788 736 2846 et
775 2782 920 2870 silvestre
948 2803 1014 2846 non
1043 2782 1239 2868 mitigatum,
1273 2783 1357 2868 qnod
1415 2786 1417 2789 ’

260 2894 438 2986 Olympium
460 2899 713 2986 aTheophrasto
735 2899 817 2967 vu.
840 2900 869 2968 7.
892 2901 1081 2987 appellatur.
1111 2897 1202 2974 Quae
1216 2898 1357 2985 igiturin

263 3014 326 3080 eod.
348 3025 494 3085 aexstat
512 3018 619 3100 lectio,
638 3023 800 3098 procmor
821 3028 866 3081 err
887 3024 1047 3110 oleastrum
1068 3021 1100 3080 in
1115 3016 1162 3081 ita
1183 3016 1243 3080 erit
1264 3016 1358 3080 relin-

263 3132 376 3213 genda:
437 3157 450 3174 s

587 3233 795 3332 proceriores,
827 3255 960 3314 siluestre
980 3255 1020 3316 in.
1081 3317 1087 3323 ,

688 3407 922 3495 71=16‚28.
973 3447 979 3458 ·
1326 3433 1333 3453 ¹
1377 3406 1440 3477 265

306 3553 430 3634 buxus
533 3553 760 3655 crassissima
785 3555 821 3631 in
837 3553 1016 3646 'Corsica
1042 3554 1133 3634 flore
1159 3577 1233 3633 non
1255 3575 1359 3654 sper-

307 3692 444 3784 nendo,
468 3710 562 3787 quae
589 3710 701 3764 causa
727 3687 973 3765 amaritudinis
999 3687 1137 3784 mellis}
1162 3708 1290 3764 semen
1315 3683 1357 3762 il-

306 3816 372 3897 lius
398 3821 540 3899 cunctis
570 3820 813 3899 animantibus
839 3820 1009 3898 invisum.

338 3970 591 4056 Theophrastum
612 3969 665 4034 hic
687 3991 813 4056 quoque
832 3970 956 4034 Plinius
978 3965 1138 4052 excerpsit
1154 3965 1277 4030 ultimis
1289 3984 1359 4029 ver·

271 4075 312 4144 bis
331 4104 348 4147 a
367 4087 425 4152 111.
446 4090 477 4154 4.
499 4087 534 4169 6,
562 4087 721 4178 prioribus
744 4107 762 4151 e
782 4087 844 4150 111.
867 4088 918 4152 15.
941 4091 968 4152 5.
991 4085 1136 4169 sumptis.
1179 4081 1241 4158 Qui
1263 4103 1360 4169 quum

272 4214 367 4266 semen
392 4205 470 4270 buxi
501 4205 621 4270 nonin
645 4203 776 4268 Corsica
798 4205 867 4269 sola
888 4202 947 4267 sed
968 4202 1085 4287 ubique
1107 4201 1147 4265 ab
1170 4200 1359 4265 animalibus

273 4319 365 4396 sperni
384 4322 570 4403 narraverit,
602 4339 707 4415 neque
730 4319 850 4385 Corsici
872 4319 975 4384 mellis
998 4317 1243 4383 amaritudinem
1266 4318 1358 4382 aflo-

274 4425 434 4521 risvirtute,
456 4436 516 4503 sed
532 4438 572 4502 ab
589 4437 712 4502 arboris
728 4437 941 4502 crassitudine
951 4442 1092 4522 repetat,
1115 4441 1249 4521 apparet
1260 4453 1358 4496 unum

275 4559 382 4618 ltrum
402 4553 532 4619 XXVII
557 4555 734 4619 htterarum
762 4555 795 4619 in
818 4554 932 4620 codice
953 4555 1125 4640 archetypo
1155 4551 1239 4614 male
1260 4547 1358 4614 collo·

277 4667 413 4737 autumet
432 4672 705 4759 transponendum
727 4693 810 4756 esse,
831 4680 868 4738 ut
890 4675 1036 4759 legatur:
1084 4697 1086 4702 ·
