3567 5559
721 573 823 638 Liber
843 574 909 640 Vt.
1327 579 1371 644 93

247 764 433 830 scandente
451 761 608 847 egregie
637 759 879 827 animadvertit.
945 758 1004 825 Sic
1033 760 1072 825 ll.
1100 759 1172 829 213.
1206 761 1370 828 scandant

248 904 314 970 pro
344 882 470 948 cadant
499 879 552 944 Β]
579 877 723 944 exhibet.
784 881 894 955 Quum
922 898 1004 948 vero
1038 879 1107 944 hoc
1142 881 1241 946 modo
1269 883 1369 947 scribi

248 1001 372 1068 vellet:
403 996 556 1062 accotnnt
577 995 704 1061 Indum
725 997 900 1061 aduersum
921 997 1132 1083 scandentes,
1161 999 1207 1063 ita
1230 1009 1265 1064 ut
1286 1020 1369 1065 voce

250 1116 597 1202 „demonstratione“
622 1114 795 1201 ⁴populum
831 1115 996 1200 quendam
1029 1118 1177 1202 ignotum
1207 1118 1369 1183 contineri

251 1241 492 1313 arbitraretur,
527 1253 611 1299 vera
645 1233 743 1298 falsis
778 1234 917 1298 miscuit.
979 1233 1121 1299 'lantum
1153 1235 1240 1299 enim
1272 1237 1370 1300 abest

250 1371 293 1425 nt
315 1379 378 1443 pro
399 1363 556 1439 corrupta
582 1351 729 1417 ultimam
757 1373 875 1416 vocem
904 1351 1093 1418 habendam
1123 1375 1201 1420 esse
1230 1374 1369 1420 censea-

255 1497 352 1554 mus,
378 1485 413 1538 nt
438 1472 516 1537 huic
544 1473 640 1557 quasi
667 1471 884 1536 fundamento
912 1471 946 1534 in
970 1471 1177 1538 emendando
1212 1474 1369 1539 insistere

257 1604 423 1682 oporteat.
459 1590 575 1656 Verbo
590 1592 675 1656 enim
694 1569 975 1668 „demonstrare“
995 1592 1029 1655 in
1053 1591 1117 1656 situ
1137 1592 1287 1657 locorum
1313 1614 1369 1657 ex·

253 1713 415 1801 ponendo
438 1708 537 1774 velnt'
549 1709 686 1793 proprio
710 1709 812 1772 utitur
832 1707 966 1771 Plinius.
1012 1709 1060 1772 lta
1072 1709 1128 1775 lV.
1141 1709 1191 1774 13.
1205 1709 1369 1776 habemus

254 1837 518 1900 demonstratum
539 1829 606 1890 iam
625 1824 761 1906 Rhium,
783 1825 828 1889 ita
851 1839 967 1891 nostro
989 1824 1072 1891 libro
1096 1828 1182 1914 §.on
1205 1829 1370 1894 invenitur

255 1964 391 2018 terrena
405 1947 647 2012 dernenstratio.
681 1946 834 2019 Quanam
854 1946 954 2031 igitur
975 1965 1064 2009 nune
1085 1947 1370 2010 demonstratione

253 2081 367 2138 utatur
390 2066 536 2143 Plinius,
565 2084 609 2128 ex
629 2063 669 2129 iis
690 2083 776 2149 qnae
798 2065 897 2128 modo
921 2064 1109 2128 dictasunt
1131 2064 1244 2151 liquet.
1287 2064 1371 2130 Per·

253 2198 400 2256 venerat
419 2204 526 2269 usqne
543 2183 587 2246 ad
599 2182 757 2248 Olostras
779 2182 834 2266 qui
858 2181 1007 2246 Patalam
1029 2182 1168 2247 insulam
1190 2185 1272 2248 mari
1293 2185 1370 2250 vici-

259 2331 338 2376 narn
367 2304 582 2390 attingebant.
642 2302 711 2364 lam
735 2301 834 2385 igitur
864 2322 885 2366 a
913 2303 1126 2389 mariusque
1154 2306 1197 2369 ad
1224 2300 1369 2372 Caucasi

257 2430 392 2495 radices
420 2420 551 2510 (§.78)
580 2421 636 2506 qui
664 2420 770 2504 potuit
801 2423 975 2504 pervenire
1012 2423 1272 2490 demonstrando
1305 2426 1369 2490 nisi

256 2561 294 2615 ut
313 2544 501 2612 adversum'
518 2559 647 2631 amnem
664 2537 816 2624 legeret?
842 2541 938 2606 Haec
961 2553 1013 2607 est
1034 2564 1134 2628 quam
1151 2545 1368 2609 scandentem

258 2660 578 2731 demonstrationem
599 2669 711 2741 vocat,
732 2659 820 2723 siout
841 2681 919 2724 mox
933 2643 1024 2748 §.id
1047 2685 1086 2727 se
1107 2683 1181 2726 cnm
1194 2663 1276 2726 lndo
1298 2683 1369 2726 rur-

257 2806 318 2853 sus
348 2783 534 2846 decurrere
561 2777 670 2842 tradit.
723 2777 792 2842 lam
815 2801 899 2845 vero
926 2790 1019 2844 recte
1041 2780 1173 2865 quidem
1200 2781 1370 2844 diceretur

258 2904 465 2986 „adversum
488 2896 672 2961 scandente
696 2897 1017 2964 demonstratione“.
1068 2899 1153 2962 Nam
1176 2908 1210 2961 et
1232 2899 1370 2964 verbum
1463 2921 1468 2930 ·

259 3022 431 3089 scandere
452 3019 485 3081 iu
506 3037 544 3080 re
566 3014 660 3080 simili
680 3035 788 3102 aeque
810 3016 1052 3080 intransitivum
1075 3015 1255 3080 admittitur
1276 3018 1306 3105 §.
1319 3015 1371 3096 nt,

260 3142 321 3208 nbi
341 3135 558 3223 Cappadocia
579 3154 725 3218 „magno
751 3135 874 3217 impetu
895 3133 937 3197 ad
958 3135 1059 3200 Tauri
1081 3136 1160 3219 iuga
1181 3135 1371 3200 scandere“

263 3259 413 3335 traditur,
436 3268 470 3322 et
490 3255 728 3335 ‚,adversnm“
750 3275 811 3337 pro
831 3255 888 3337 „in
905 3255 1110 3321 adversum⁵‘
1128 3255 1177 3319 irc
1196 3253 1372 3321 adhibetur

264 3379 348 3444 Vlll.
363 3375 414 3441 92.
464 3373 591 3439 Verum
617 3372 723 3438 satius
752 3373 813 3437 erit
836 3371 1023 3440 litterarum
1050 3396 1135 3461 qnae
1163 3377 1196 3442 in
1219 3378 1371 3445 omnibus

260 3498 356 3565 libris
374 3495 458 3560 Mss.
473 3493 683 3577 reperiuntur
705 3490 828 3556 nullam
846 3491 1027 3578 negligere.
1058 3495 1244 3561 Remanent
1262 3507 1372 3562 autem
1468 3513 1470 3516 ·

258 3619 410 3693 lrae‘eo,
439 3619 523 3699 q'nas
550 3631 626 3675 cum
654 3610 791 3695 reliquis
819 3610 876 3676 tali
901 3611 975 3678 fere
1003 3589 1101 3680 modo
1129 3616 1162 3679 in
1186 3615 1372 3701 archetypo

260 3734 410 3820 scriptas
424 3729 529 3795 fuisse
542 3727 700 3794 conliniet
720 3719 861 3793 turnus?
868 3704 913 3794 no
924 3719 1090 3800 sadanma.
1118 3734 1248 3806 Quodsi
1263 3745 1385 3798 autem*

261 3853 381 3933 animo,
395 3850 617 3932 reputaveris,
640 3859 765 3933 quanta
777 3849 828 3913 sit
845 3850 1111 3914 terminationum
1134 3851 1167 3914 in
1189 3871 1246 3912 nm
1266 3851 1373 3912 varie·

263 3983 332 4054 tas,
354 3981 387 4036 et
403 3987 620 4055 quamsaepe
640 3986 715 4031 eum
735 3987 789 4028 om
810 3975 1051 4050 permutentur,
1067 3967 1173 4052 primo
1189 3969 1315 4047 obtutu,
1338 3976 1375 4032 ut

264 4108 382 4174 spero,
400 4084 567 4168 intelliges
590 4082 697 4148 latere
719 4085 947 4149 accusativum
970 4085 1186 4170 pronominis,
1210 4089 1374 4158 undeiam

263 4219 360 4274 certo
389 4205 557 4290 colligitur
582 4203 640 4279 ita,
656 4201 794 4268 Plinium
821 4205 1021 4288 scripsisse:
1056 4205 1209 4273 accolunt
1233 4209 1374 4292 Indum,

263 4326 488 4392 aduersum
509 4345 593 4386 cum
613 4321 844 4388 scandente
864 4323 1141 4390 demonstratione
1169 4327 1228 4394 rel.

348 4442 484 4509 Adiecit
497 4450 608 4507 antem
621 4460 805 4526 pronomen
822 4441 908 4508 alias
923 4465 988 4508 non
1004 4447 1246 4525 necessarium,
1261 4466 1303 4510 ne
1317 4447 1374 4510 v'o·

264 4560 1375 4650 ces„1odnm“et„adversum“maleelegentibusconiungerentur.
