3567 5559
1284 723 1360 793 1⁷·

210 917 424 1004 Cyrenarum
444 917 544 1002 ,quod
562 913 727 979 eonditum
748 923 799 978 est
811 915 901 978 urbis
922 925 1051 982 nostrae
1075 939 1159 982 anuo
1172 916 1326 983 cxhtffl

208 1037 377 1100 cecidisse
404 1034 513 1098 refert
560 1033 674 1117 Neque
703 1052 743 1094 eo
773 1034 917 1096 remedio
940 1037 1018 1097 satis
1034 1037 1088 1099 illo
1109 1034 1238 1120 quidem
1259 1036 1327 1100 vio-

209 1155 309 1217 lento
331 1173 395 1237 quo
415 1151 645 1234 Daleoampius
676 1170 843 1212 numerum
882 1150 1076 1231 ‚CXXXVl‘
1108 1154 1139 1216 ei
1160 1154 1215 1238 qui
1236 1155 1269 1214 in
1289 1153 1328 1216 li·

212 1272 291 1334 bris
317 1269 408 1333 MSS.
440 1269 599 1352 reperitur
626 1266 793 1330 substituit
817 1269 923 1330 locum
945 1279 1089 1332 nostrum
1117 1271 1224 1332 sanari
1244 1270 1328 1334 arhi-

215 1396 302 1451 tror.
344 1387 428 1450 Turn
448 1385 535 1449 enim
554 1405 620 1448 non
654 1385 791 1464 ,cireiter
820 1406 941 1448 annum
966 1386 1148 1450 CXXXVI‘
1173 1387 1231 1451 sed
1257 1389 1329 1472 ipso

209 1506 276 1568 illo
313 1525 399 1567 anno
433 1503 515 1566 silva
545 1509 625 1564 nata
656 1521 731 1564 esse
762 1511 956 1565 narraretur.
999 1504 1149 1584 Accedit,
1190 1511 1227 1567 ut
1256 1524 1329 1590 pro·
1360 1581 1366 1592 ι

212 1624 311 1685 xima
338 1595 497 1706 particuli
522 1626 584 1702 iure
609 1620 792 1682 necessario
813 1619 932 1683 diversi
955 1622 1108 1705 temporis
1130 1610 1328 1685 notationem

215 1740 355 1824 flagitet.
397 1740 465 1800 Iam
484 1757 561 1800 vero
582 1735 826 1820 Theophrastus
846 1737 944 1817 ,cirea
964 1738 1051 1800 urbis
1070 1739 1193 1802 Romae
1209 1759 1329 1800 annum

217 1854 406 1919 OOOOXL‘
445 1853 614 1938 scripsisse
633 1852 724 1915 Xffl.
749 1854 806 1918 101
828 1853 975 1918 traditur.
1018 1855 1102 1928 Quid
1132 1857 1232 1938 igitur
1252 1855 1328 1918 laei-

217 1975 285 2036 lius
307 1982 356 2036 est
376 1992 474 2057 quam
494 1991 628 2034 numero
650 1971 766 2032 leuiter
787 1971 959 2035 emendato
982 1994 1110 2035 versum
1130 1972 1258 2035 XXVII
1277 1972 1329 2034 lit·

219 2101 365 2155 terarum
385 2091 434 2153 ita
452 2097 664 2172 transponere
682 2098 721 2149 ut
739 2077 882 2172 legatur:

265 2249 304 2256 —
324 2228 502 2284 crassoque.
544 2210 669 2267 Hedera
695 2212 757 2266 torn
782 2211 894 2267 dicitnr
922 2212 953 2268 irr
976 2214 1048 2268 Asin
1077 2213 1181 2280 norm
1208 2211 1331 2270 circiter
1399 2236 1404 2242 ·

263 2333 347 2390 tebit
368 2329 487 2390 Romae
513 2345 626 2386 mrum
647 2327 886 2387 ccccxxix.
907 2339 1072 2401 mouerat
1097 2329 1330 2404 theophrastus.

924 2435 938 2466 0

645 2563 717 2634 146
730 2593 778 2623 --
788 2563 911 2647 34,62.

274 2713 445 2788 Fructum
472 2732 623 2807 quoque
648 2708 845 2783 candidum
870 2709 1066 2784 serentium
1091 2708 1172 2783 aliis
1191 2708 1332 2782 densus

275 2846 404 2920 acinus
430 2851 468 2917 ci
492 2842 680 2941 grandior,
706 2843 863 2916 racemis
887 2843 925 2916 in
952 2843 1080 2918 orbem
1102 2840 1333 2916 circumactis

275 2978 337 3076 qur
362 2987 546 3052 vocamur
577 2974 761 3070 eonon,
795 2951 882 3049 ren
908 2975 1118 3049 serentum
1145 2973 1250 3048 curus
1275 2981 1333 3047 est

276 3111 395 3185 minor
420 3110 571 3195 acinus,
607 3107 773 3204 sparsior
795 3130 987 3206 racemus;
1023 3105 1132 3182 simili
1158 3107 1270 3181 modo
1297 3106 1335 3179 in

212 3238 239 3326 “,
276 3244 393 3340 nigra
420 3239 546 3314 Alieni
572 3247 612 3314 et
635 3261 765 3314 semen
779 3240 937 3338 nigrum,
963 3237 1025 3314 alii
1051 3247 1238 3316 crocalum
1264 3245 1336 3314 etc.

308 3369 486 3475 vulgatam
511 3387 598 3452 haue
623 3387 765 3452 hodene
784 3388 1033 3474 descriptionem
1052 3390 1202 3453 vitiosam
1223 3409 1297 3452 esse
1317 3407 1338 3450 e

238 3505 382 3571 libromm
398 3505 495 3570 MSS.
520 3506 680 3570 varietate
699 3507 755 3590 qui
776 3506 820 3569 ad
838 3527 940 3570 urrurn
961 3527 1073 3570 omnes
1093 3513 1273 3574 sternimur
1293 3519 1338 3568 est

235 3622 357 3707 habent,
378 3624 448 3688 siit
460 3623 632 3702 intellexit,
652 3623 740 3686 idern
750 3625 968 3686 coniecturam
985 3625 1065 3688 satis
1083 3624 1245 3688 infelicem
1263 3643 1337 3706 pro-

237 3743 334 3823 posuit
360 3747 543 3817 Silem'crnr,
572 3746 638 3820 cui,
666 3741 701 3804 in
722 3762 788 3824 qua
806 3755 956 3804 nentrum
979 3762 1082 3824 genus
1109 3741 1188 3802 mihi
1208 3738 1338 3823 quidem

238 3857 429 3923 intolerabile
460 3858 597 3921 ridetur.
638 3859 737 3920 lanus
763 3859 892 3942 scripsit
912 3864 1066 3932 silenitis,
1099 3868 1158 3934 est,
1184 3855 1218 3918 in
1238 3875 1338 3916 auno-

239 3977 348 4041 talione
368 3998 403 4063 p.
425 3976 498 4039 VII.
518 3980 660 4051 Silenici,
690 3975 725 4036 in
745 3973 847 4057 praei
867 3975 930 4038 rol
955 3973 1012 4038 Vl
1034 3979 1173 4052 Silenici,
1199 3979 1264 4036 cui
1283 3986 1338 4036 eat.

240 4090 352 4157 latiari
370 4095 554 4156 orationem
567 4106 712 4176 apparet,
731 4112 805 4153 eum
814 4097 886 4153 otiis
895 4113 954 4175 per
966 4092 1189 4154 attractionem
1202 4092 1340 4176 proximi

241 4212 375 4274 vocabuli
395 4211 616 4274 nominativus
629 4207 836 4292 respondeat.
859 4207 1072 4270 Scribendum
1093 4224 1144 4272 est
1165 4211 1251 4273 enim
1271 4217 1340 4272 ileu

243 4330 353 4392 Silenici
375 4337 441 4405 (se.
462 4326 653 4410 eorpunbop,
672 4346 742 4388 cun
761 4337 807 4386 est
825 4325 883 4387 rel.
906 4324 957 4388 Cf.
977 4325 1189 4410 'lheophrast
1210 4329 1268 4390 nt
1291 4328 1340 4391 18

245 4443 282 4507 t..
295 4444 463 4510 (lauditiae
486 4442 629 4506 hederae
649 4440 823 4526 gerrerrbus
842 4441 1001 4504 absolutis
1023 4442 1066 4505 ad
1081 4445 1217 4506 alterum
1238 4464 1341 4526 genus

246 4563 373 4626 hmsitio
403 4584 427 4626 a
459 4559 594 4624 vocibus
626 4559 733 4638 ‚rirnili
752 4558 861 4620 modo‘
881 4559 1015 4644 incipit,
1044 4561 1195 4645 quocim
1214 4559 1341 4640 plenius

231 4686 306 4774 ‘post
336 4680 508 4762 ,meemus‘
548 4674 811 4760 distinguendum
844 4681 880 4740 et
921 4677 967 4739 rie
995 4675 1233 4760 procedendum
1274 4690 1342 4738 est:

1180 4791 1204 4857 2

1348 2569 1414 2639 278
