3567 5559
312 937 377 1006 313
521 887 782 974 158=1n4n
822 882 938 974 (inlcr
963 905 1110 958 venena
1136 884 1359 974 nominetur)

446 1018 623 1120 phericon
643 1025 707 1091 aul
725 1014 957 1112 dorycnium.

462 1153 513 1216 ltu
523 1148 698 1228 nummu
718 1151 802 1226 npn
821 1147 947 1210 litteras
970 1147 1098 1212 codices
1120 1169 1186 1212 non
1201 1149 1365 1213 exhibent:
1386 1154 1477 1228 conce,

396 1275 489 1350 curie,
526 1274 624 1330 rm'ce
642 1265 807 1344 connitur,
837 1265 858 1328 i.
880 1285 909 1330 e,
932 1273 1155 1346 oporicen,
1189 1265 1230 1330 el.
1252 1265 1360 1331 Dione.
1383 1264 1420 1329 de
1436 1286 1478 1330 re·

396 1387 490 1449 uenis
506 1384 529 1447 1,
552 1406 584 1469 p.
611 1385 647 1449 14
668 1382 720 1447 ou.
746 1380 914 1467 Sprengel.

314 1482 377 1552 ⁶¹⁹
814 1505 1082 1590 ioo=11,n.

445 1641 645 1730 utrumque
674 1650 790 1738 [vero]
816 1653 903 1708 sero

447 1767 545 1852 uulgo
566 1771 599 1829 et
621 1764 690 1830 cod.
713 1764 735 1828 d
756 1785 775 1829 e
796 1763 1030 1850 dittographin:
1060 1762 1126 1827 VR
1148 1785 1219 1826 uero
1241 1771 1329 1830 recte
1345 1766 1487 1830 omittunt.

314 1899 379 1968 820
818 1899 889 1971 170
902 1927 948 1958 ι·-
966 1897 1083 1982 11,47.

447 2036 484 2106 et
509 2028 683 2128 quoniam
708 2033 821 2102 noctu
846 2048 996 2126 quoqne
1021 2034 1188 2114 cernant,
1217 2028 1401 2124 sanguine
1428 2027 1489 2102 hir-

361 2173 379 2198 ·
447 2162 531 2238 cino
556 2159 742 2236 lusciosos
767 2158 888 2234 senari
916 2167 1043 2258 putant
1069 2157 1290 2258 nyctalopes
1316 2157 1492 2236 aGreecis

446 2295 578 2370 dictus.

478 2425 553 2489 Uno
575 2423 739 2509 archetypi
771 2443 866 2488 versu
886 2423 1086 2508 transposito
1117 2431 1252 2508 apparet
1282 2424 1349 2510 legi
1371 2424 1495 2490 debere:

397 2556 426 2607 el
445 2549 592 2622 rnnpnine
622 2546 739 2604 hircino
761 2548 906 2604 lusciosos
936 2547 1044 2604 sonori
1073 2553 1198 2618 putarit,
1242 2549 1386 2621 qnoniam
1415 2555 1497 2607 nocln

397 2671 675 2742 conqueremini,
697 2665 876 2741 nyctalopas
898 2680 917 2720 o
940 2662 1193 2722 Grande-dictos.

317 2788 463 2856 621—23
833 2780 904 2854 174
918 2813 963 2843 =
979 2780 1096 2866 11‚48.

449 2909 480 2984 si
506 2910 621 2986 maior
646 2911 870 3009 silgrevites
898 2916 1047 3000 aurium,
1074 2907 1124 2986 fel
1149 2934 1231 2987 cum
1257 2901 1379 2986 murro
1405 2956 1436 2963 --
1454 2912 1504 2986 in-

450 3041 618 3117 tundunt.

413 3191 428 3201 ·
482 3176 581 3238 Deest
600 3195 717 3239 nomen
738 3176 895 3257 animalis,
927 3195 971 3239 sc.
994 3193 1112 3239 venoce
1134 3195 1230 3259 quam
1252 3177 1397 3266 nominet
1418 3177 1506 3243 Heb-

399 3289 630 3355 derrhemanus
644 3292 684 3356 ab
697 3291 865 3356 Hurduino
885 3293 1047 3375 laudatus,
1070 3292 1154 3378 quod
1178 3312 1195 3354 e
1217 3295 1370 3377 proximis
1393 3295 1508 3361 litteris

400 3413 565 3471 (monrium
588 3408 682 3474 facile
703 3411 891 3506 restituitur,
916 3431 959 3474 so.
979 3415 1170 3474 laurinum
1190 3415 1241 3484 fel.
1264 3409 1389 3475 Eodem
1410 3410 1509 3476 modo

399 3525 428 3609 §-
451 3526 513 3592 176
540 3525 574 3589 in
595 3525 756 3610 plerisque
784 3527 978 3590 membranis
1001 3531 1193 3604 efficaciora,
1225 3528 1258 3591 in
1280 3525 1327 3592 R²
1353 3528 1423 3592 solo
1446 3549 1510 3592 erre

399 3643 575 3720 efficaciore
596 3644 727 3729 legitur,
750 3643 837 3708 haud
860 3643 956 3708 dubie
978 3644 1206 3730 recipiendum.
1251 3642 1371 3708 Oonlru
1393 3645 1421 3730 §.
1446 3647 1507 3714 181

399 3784 463 3828 non
479 3769 609 3852 'emortui
630 3763 687 3829 sed
708 3762 826 3827 rectius
847 3769 956 3826 mortni
975 3761 1102 3846 legitur,
1124 3782 1199 3825 nem
1220 3762 1253 3825 in
1266 3761 1296 3824 V
1310 3767 1359 3825 del
1370 3772 1511 3829 emortui

399 3881 430 3945 R
451 3888 538 3946 cente
559 3888 668 3948 nrortni
690 3887 805 3945 exstet.
853 3960 857 3966 Ι
1279 3879 1284 3886 ’

316 4045 378 4112 624
733 4032 737 4038 ¹
825 4003 1081 4087 183=12,50.

448 4128 577 4204 Cutem
616 4132 651 4202 in
679 4131 772 4206 socie
801 4131 947 4230 erugari
988 4138 1024 4206 el
1063 4135 1299 4205 tenerescere
1342 4129 1507 4208 candore

449 4259 633 4336 custodito
661 4260 757 4336 lacte
784 4237 939 4339 asinino
956 4267 1084 4361 [nollent
1104 4268 1304 4359 noluntque
1325 4267 1383 4337 est
1397 4284 1510 4360 quas·
1633 4284 1634 4356 l

441 4392 531 4496 ¹darm
558 4391 721 4491 quotidie
752 4391 1021 4492 septingenties
1053 4393 1238 4470 custodito
1275 4416 1426 4471 numero
1453 4393 1507 4470 ia·
1633 4411 1634 4428 ¹

448 4547 544 4602 cere.
572 4523 747 4625 Poppaea
774 4524 846 4601 hoc
872 4523 1027 4603 Neronis
1056 4525 1231 4625 principis
1258 4524 1413 4600 instituit
1440 4515 1505 4602 rel.

483 4657 545 4721 Vix
575 4656 725 4722 credibile
753 4655 893 4739 videtur,
926 4657 1086 4721 neminem
1120 4662 1297 4730 custoditum
1329 4664 1379 4722 lnc
1411 4659 1506 4744 quule

395 635 459 758 ies
594 765 604 780 .
816 685 907 749 rna
926 687 1085 750 mni.

1633 3981 1634 4024 l

1633 4031 1634 4094 l

1633 4097 1634 4166 l
