3567 5559
681 765 773 830 liter
791 765 950 832 XXVIII.
1030 714 1033 722 Ι
1309 756 1369 828 169

235 958 354 1041 fuerit,
380 959 596 1045 explicuisse,
617 981 692 1024 nam
709 981 818 1025 vocem
838 965 1003 1024 candorem
1026 979 1098 1026 eum
1121 962 1218 1024 verbo
1240 971 1368 1022 (cams-

235 1098 311 1140 cere
336 1077 506 1162 coniungi
537 1077 631 1141 simili
661 1079 732 1142 loao
755 1078 782 1160 §-
807 1079 867 1143 184
888 1051 1140 1157 demonstratur,
1169 1077 1226 1140 ubi
1246 1076 1369 1140 Plinius

237 1199 422 1258 candorem
448 1199 568 1275 colique
592 1201 795 1274 arcuationem
824 1194 977 1259 laudavit.
1020 1193 1144 1280 Nempe
1167 1193 1288 1258 nullum
1311 1199 1371 1275 est,

237 1332 354 1400 neque
381 1313 486 1376 toties
517 1312 550 1375 in
573 1311 625 1377 die
646 1311 773 1376 mulctis
803 1311 902 1375 asinis
937 1312 987 1376 lsc
1011 1311 1097 1390 eliud
1133 1331 1228 1399 quam
1257 1315 1371 1376 recens

236 1427 347 1494 inisse
378 1429 566 1514 putandum
595 1436 653 1495 est.
695 1429 740 1494 At
761 1449 931 1493 numerum
961 1427 1113 1493 custodiri
1136 1449 1214 1493 sans
1236 1448 1370 1494 consen·

237 1554 386 1612 taneum
413 1552 476 1611 est.
504 1546 611 1632 Turpe
634 1547 744 1610 vitium
767 1547 861 1611 tertio
883 1546 1124 1631 protarchetypi
1145 1547 1250 1611 versui
1272 1566 1371 1632 prava

238 1664 454 1750 repetitione
485 1662 641 1730 adhaesit.
684 1667 719 1727 ln
747 1685 809 1752 quo
837 1684 935 1750 quum
963 1662 1079 1748 singuli
1109 1683 1220 1728 versus
1253 1665 1299 1728 ite
1320 1684 1370 1730 es·
1403 1711 1411 1722 -

241 1789 321 1848 sent
344 1782 453 1847 divisi
786 1752 789 1765 Ι
1425 1755 1427 1759 ⁴

283 1935 527 1977 TENERESOERE
542 1937 681 1977 chunone
696 1936 867 1979 cvsnomno

297 2025 412 2065 monn
431 2024 551 2065 ssrurno
565 2025 682 2064 rvnusr
696 2023 826 2072 uorvno.
841 2023 897 2065 ess
945 2047 946 2052 κ

300 2113 462 2162 ovssosu
477 2112 599 2154 consors
613 2098 845 2152 sennmonuruns

245 2230 378 2296 lactum
406 2240 458 2297 est
479 2239 515 2297 ut
537 2253 554 2296 e
575 2232 677 2315 primo
704 2251 799 2295 versu
819 2229 932 2295 ultima
959 2250 1022 2295 vox
1051 2230 1135 2294 male
1161 2217 1370 2318 repeteretur.

248 2353 483 2429 Septr'npentles
523 2349 636 2434 scripsi
679 2368 720 2412 ex
764 2348 955 2434 archetypo,
1000 2355 1184 2428 quiuqenties
1227 2349 1371 2415 sPlinio
1459 2429 1460 2434 ἵ

251 2467 504 2553 scriptumest,
528 2466 745 2548 31111238,
769 2465 832 2530 Dio
855 2464 890 2532 0.
913 2465 1016 2539 LXII.
1039 2468 1089 2534 28.
1134 2469 1282 2555 Denique
1305 2489 1370 2533 non

245 2564 572 2660 [333333113υωὶ
600 2583 773 2669 legendum
805 2604 878 2648 esse
913 2589 946 2648 et
967 2605 1019 2648 res
1049 2585 1127 2670 ¹ipsa
1157 2593 1190 2650 et
1209 2586 1371 2651 luvenalis

252 2720 375 2767 versus
399 2703 456 2769 VI.
469 2704 532 2770 468
554 2710 603 2766 illo
626 2710 703 2768 lacte
722 2705 842 2776 fovetur
866 2700 1074 2768 demonstrat.

674 2867 963 2945 184==ihidenn
1393 2874 1454 2946 625

305 2996 414 3076 fimo
439 2999 583 3076 taurino
611 2998 726 3076 nialus
752 2999 953 3076 rubescere
982 3000 1093 3091 aiunt,
1120 3024 1195 3078 non
1222 3010 1260 3076 ut
1288 3021 1369 3076 cro-

268 3170 275 3176 *
306 3128 495 3208 codileam
529 3130 619 3208 ilhni
648 3130 795 3222 melius,
836 3131 905 3208 sed
931 3131 1047 3208 foveri
1081 3134 1286 3233 frigida-
1315 3131 1369 3206 iu-

307 3261 408 3339 hcnt.
461 3264 590 3341 Testes
617 3272 654 3341 et
692 3288 786 3364 quae
821 3261 1037 3343 decolorem
1071 3266 1211 3344 faciunt
1248 3271 1367 3342 cutem

307 3395 434 3472 limum
461 3396 565 3473 vituli
592 3420 675 3474 cum
701 3396 787 3478 oleo
825 3403 861 3474 et
887 3400 1021 3475 cummi
1043 3423 1156 3477 manu
1176 3399 1369 3476 subactum
1445 3497 1450 3509 .

308 3529 497 3605 emendat.

342 3660 480 3725 Duobus
501 3662 585 3726 vitiis
615 3662 742 3727 laborat
762 3662 865 3740 loeus,
897 3684 1030 3749 quorum
1054 3665 1187 3728 alterum
1215 3664 1280 3726 leni
1301 3680 1369 3736 me:

262 3770 366 3843 dieina
395 3779 560 3843 sanabitur
589 3755 684 3844 hace:
716 3785 819 3844 mellus
838 3787 892 3849 sit}
913 3787 1022 3855 severi.
1066 3783 1210 3844 Alterum
1239 3778 1368 3864 gravius

263 3897 327 3973 est3
348 3916 433 3980 quse
456 3897 539 3960 enim
562 3903 667 3961 testae
689 3897 924 3963 emendantur?
946 3896 1047 3972 Quasi
1061 3919 1136 3962 vero
1149 3895 1252 3962 testae
1273 3894 1368 3960 faciei

265 4013 420 4076 autentis
442 4015 572 4079 morbus
596 4015 720 4079 essent!
765 4015 893 4080 Scilicet
913 4035 979 4078 una
1006 4014 1129 4100 syllaba
1149 4013 1366 4094 interciderat,

266 4142 326 4206 qua
346 4131 495 4214 suppleta
508 4131 635 4217 legatur
647 4138 790 4217 oportet:
813 4138 1023 4198 cicatrices
1045 4154 1123 4212 quae
1143 4133 1199 4216 rel.

681 4335 938 4422 219=16,62.
1176 4381 1179 4402 ι
1387 4379 1448 4448 626

310 4457 492 4560 Podagris
542 4464 711 4539 medetur
752 4465 899 4541 ursinus
952 4465 1059 4565 adips
1110 4467 1366 4563 taurinumque

311 4587 440 4669 sebum
479 4594 556 4693 pari
590 4596 759 4695 pondere
794 4604 831 4672 ct
870 4621 995 4689 cerae3
1034 4598 1175 4672 addunt
1215 4595 1364 4695 quidam

308 4723 607 4828 hypocisthidem
634 4737 672 4805 et
694 4727 845 4834 gallam.
871 4729 946 4806 Alii
961 4730 1141 4808 hircinum
1154 4731 1365 4831 praeierunt
1434 4834 1441 4843 ι
