3567 5559
732 515 834 580 Liher
855 517 895 581 V.
1325 525 1367 592 81

244 701 356 785 ptoris
378 698 581 777 orationem,
602 698 694 783 utlit,
716 703 903 785 aproximo
926 702 1040 768 scriba
1061 717 1200 792 recepta
1214 719 1276 775 est.
1304 711 1366 778 Le
1414 779 1419 786 ,

241 820 395 905 gendum
418 827 472 883 est
495 819 614 906 igitui:
855 880 861 885 ,

284 938 402 1003 Electa
424 938 517 1015 Dct'n
537 934 658 1002 cartae
679 936 796 1022 oppida
810 937 968 1017 Pitaium,
988 937 1186 1021 Euthana,
1209 944 1365 1011 Halisca

287 1077 403 1124 ausus.

672 1205 943 1302 114=2o‚31.
1383 1229 1445 1296 ,ω

301 1357 496 1460 Magnesia
518 1356 712 1432 Maeandri
733 1359 950 1459 cognomine
974 1361 1140 1464 insignis,
1161 1391 1184 1442 a
1202 1369 1364 1444 'l'hessa-

302 1497 374 1572 lica
398 1491 589 1594 Magnesia
624 1504 705 1568 orta
736 1537 789 1550 -—
820 1496 943 1571 Antea
970 1499 1291 1580 Thessaloche
1326 1513 1364 1578 et

239 1699 247 1708 .
295 1627 577 1708 Androlitia
602 1629 796 1706 nominata.

328 1781 480 1866 Antiqua
496 1779 624 1845 nrhium
636 1793 669 1845 et
686 1780 870 1848 insularum
881 1785 1016 1850 nomina
1032 1807 1051 1852 a
1067 1787 1271 1855 Callimacho
1289 1793 1363 1875 plc-

241 1921 386 1988 rnmque
403 1898 502 1964 affert
515 1897 652 1978 Plinius,
673 1901 729 1965 vel
747 1922 768 1965 a
780 1900 904 1968 fabulis
922 1905 1115 1972 domesticis
1137 1907 1227 1972 vela
1246 1925 1364 1994 poeta·

240 2043 319 2088 rum
334 2018 421 2083 locis
432 2019 588 2101 repetita.
615 2019 665 2083 lta
685 2019 716 2084 h.
727 2018 745 2082 l.
770 2021 812 2085 ah
832 2021 960 2104 origine
984 2022 1161 2108 Magnesia
1181 2045 1249 2089 non
1266 2023 1363 2090 Thes·

242 2137 392 2215 salocho,
412 2158 498 2222 quae
509 2137 616 2202 forma
628 2137 719 2203 nulla
733 2152 797 2217 est,
809 2139 872 2202 sed
886 2138 1153 2208 Thessaliotis
1164 2145 1361 2230 appellatur.

246 2257 404 2325 Alterum
426 2276 546 2321 nomen
568 2255 686 2322 Callini
708 2255 905 2342 fragmentis
932 2259 1124 2326 addendum
1143 2263 1274 2329 virlmur
1291 2263 1362 2332 ’Av-

154 2370 156 2473 [
246 2373 712 2465 &poncherpastudrolitirc
732 2377 867 2443 aPlinio
879 2380 980 2459 dicta,
1002 2401 1066 2466 qno
1083 2381 1203 2447 bellurn
1218 2393 1274 2448 aut
1288 2405 1363 2450 cum

154 2588 156 2597 y
241 2498 408 2563 Tres-ihus
431 2505 582 2560 anteum
604 2493 760 2577 Ephesiis
782 2509 913 2583 gestum
936 2499 1159 2583 significatur,
1182 2502 1224 2567 cf.
1241 2501 1360 2570 Conon

154 2606 155 2613 ἵ
241 2640 275 2684 c.
288 2616 346 2697 29,
368 2612 761 2701 stranxtvpaarsq„
783 2615 905 2681 Athen.
919 2618 1119 2705 attauhu,
1141 2619 1358 2705 Diog.Laert

240 2737 403 2822 altrsq.
428 2733 579 2798 Eundem
601 2731 765 2798 Gallinam
786 2735 842 2800 vel
863 2737 1094 2802 Mimnermnm
1115 2740 1227 2822 potins
1250 2735 1359 2820 (clfr.

244 2855 304 2942 13)
319 2855 515 2940 Thyatiram
532 2851 729 2937 Euhippiam
748 2873 897 2918 vocasse
912 2857 1109 2938 putaverim.
1151 2855 1275 2918 lbidem
1286 2871 1359 2918 eum

243 2973 421 3057 plerisque
456 2971 627 3035 codicibus
662 2973 717 3058 qni
743 2969 902 3058 AEnorpes
929 2970 985 3036 vel
1012 2975 1151 3061 Aratopcs
1190 2971 1358 3051 exhibent,

244 3091 392 3178 Amorpe
409 3089 463 3155 vel
486 3091 648 3179 Amorpus
669 3090 823 3155 scrihere
847 3089 968 3155 malim.
1011 3089 1101 3154 Fieri
1124 3089 1210 3155 enim
1230 3087 1360 3156 facilius

245 3210 358 3295 potnit
383 3220 434 3288 nt,
460 3210 550 3274 sicut
576 3209 716 3294 Ortygia
739 3220 773 3274 et
801 3207 912 3274 insula
942 3219 976 3274 at
996 3207 1123 3295 Ephesi
1149 3229 1231 3296 pars
1252 3227 1359 3276 voca-

241 3331 362 3411 batur,
391 3328 436 3391 ita
466 3329 565 3393 etiam
593 3328 732 3414 Amorgi
761 3326 944 3413 appellatio
969 3329 1256 3418 incontinentem
1283 3350 1358 3394 cnut

243 3447 378 3512 accolis
404 3448 579 3532 migraret,
600 3467 698 3533 quam
725 3459 761 3511 ut
789 3467 809 3512 a
833 3421 1044 3533 Morgetibus
1071 3450 1103 3513 in
1126 3449 1211 3514 Asia
1235 3449 1358 3534 ignotis

241 3585 366 3631 nomen
384 3567 572 3631 duceretur.
593 3567 702 3653 §.lla
726 3587 801 3632 cum
814 3566 883 3632 R¹a
904 3577 1057 3653 praestat
1074 3565 1221 3633 sortasse
1243 3565 1358 3652 legera

243 3685 435 3750 Honesta.

658 3837 948 3914 tta=tomem
1379 3863 1441 3932 108
1541 3803 1545 3815 “

297 3989 497 4065 Amazone
517 3986 664 4065 condita
685 4033 739 4048 -
760 3990 938 4088 Zmyrna.

331 4140 380 4205 lta
408 4137 557 4225 Silligins
586 4159 670 4207 sane
703 4161 724 4206 e
750 4140 923 4206 codicibus
954 4157 1069 4204 verum
1102 4137 1246 4204 ablativo
1276 4159 1359 4205 usus

240 4259 345 4344 plane
367 4260 531 4344 singulari
553 4280 650 4346 qnam
663 4259 768 4325 Plinio
790 4279 859 4323 non
881 4258 1073 4324 inusitatum
1095 4277 1174 4325 esse
1196 4259 1360 4343 exemplis

241 4379 286 4444 ad
296 4377 456 4445 XXXlll.
466 4377 496 4446 3.
517 4359 627 4444 allatis
646 4379 869 4463 comprobare
887 4387 1040 4442 conatur.
1086 4376 1198 4464 Atque
1215 4372 1270 4442 illo
1292 4377 1360 4461 qui-

243 4495 421 4568 demloco
443 4508 577 4564 rectae
601 4497 678 4564 cod.
694 4496 810 4562 Bamh.
831 4496 988 4582 scripsits
1019 4515 1185 4586 quousque
1209 4499 1361 4580 penetru-

1128 4611 1150 4672 6
