3567 5559
420 719 483 788 112
755 825 762 848 .
869 723 961 788 noer
987 697 1080 789 ω

471 892 603 998 reeens
624 917 691 996 -vel
716 919 858 996 aridum
883 915 1062 1020 illinique.
1099 900 1238 998 Medici
1264 921 1330 998 vel
1355 919 1514 1022 spleniois

471 1052 667 1154 propinent
693 1073 741 1128 ex
765 1057 872 1128 aceto
900 1058 972 1132 etc.

503 1185 553 1249 Ite
574 1183 638 1248 Sill.
668 1203 747 1249 vooe
775 1187 883 1247 medici
910 1203 929 1247 e
956 1181 1026 1250 eod.
1049 1182 1088 1251 n
1120 1189 1253 1269 reoepte
1281 1184 1343 1250 ned
1377 1203 1435 1248 eno
1458 1181 1518 1246 loeo

422 1306 529 1366 moto:
551 1299 616 1364 illio
632 1301 717 1366 enim
740 1305 816 1365 ente
835 1320 867 1367 v.
887 1305 919 1365 in
938 1305 1007 1370 vino
1028 1300 1154 1386 legitur.
1181 1302 1278 1365 lenus
1301 1301 1346 1366 ed
1369 1301 1519 1386 vulgatam

422 1415 517 1482 rediit
536 1437 712 1502 vooemque
740 1421 887 1482 veiente
916 1396 1058 1497 eplenior's
1087 1437 1170 1503 quae
1197 1417 1231 1481 in
1259 1419 1413 1484 omnibus
1442 1414 1522 1482 ooli.
1597 1434 1600 1443 ·

422 1533 588 1620 reperitur,
611 1533 728 1599 omisit.
758 1535 807 1598 At
821 1533 999 1598 reotieeime
1016 1553 1043 1597 e
1064 1531 1131 1598 Sili.
1154 1535 1357 1600 intellectum
1381 1541 1449 1618 eet,
1468 1553 1523 1596 me·

422 1651 511 1717 dioos
533 1657 607 1738 poet
627 1657 741 1738 poetae
763 1649 975 1716 nominandos
995 1650 1119 1730 fuisse:
1148 1651 1187 1716 Id
1204 1672 1334 1739 quoqne
1357 1659 1447 1717 reete
1468 1651 1525 1735 egit

421 1767 507 1856 qnod
518 1789 636 1834 novum
652 1766 729 1833 inde
741 1787 871 1832 sensum
881 1768 1011 1852 inoepit,
1033 1775 1067 1832 et
1087 1789 1168 1834 vooe
1190 1775 1238 1834 oet
1256 1771 1390 1835 etiamsi
1408 1768 1441 1834 id
1453 1765 1526 1854 quod

420 1890 497 1952 odeo
529 1887 687 1973 significet
713 1887 821 1972 inepto
854 1884 1076 1971 gradationem
1099 1885 1168 1950 lieri
1195 1885 1236 1950 eb
1256 1887 1395 1965 insolito
1417 1885 1525 1950 herbae

420 2025 514 2070 usum
542 2005 583 2071 ad
612 2005 776 2091 vulgarem
805 2003 824 2066 i.
855 2023 883 2072 e.
905 2022 926 2066 a
952 2002 1066 2067 maiori
1093 2003 1135 2068 ad
1161 2004 1267 2070 minue
1296 2006 1373 2091 quis
1405 2001 1526 2088 estqui

358 2189 363 2196 ,
421 2128 525 2209 neget.
549 2121 678 2189 Scilicet
691 2141 788 2208 quum
800 2142 864 2186 vox
877 2126 987 2186 medici
997 2121 1030 2184 in
1044 2120 1209 2207 archetypi
1224 2123 1374 2208 margine
1389 2122 1433 2188 ed
1444 2143 1473 2186 v.
1489 2124 1528 2184 vel

421 2240 583 2326 edeoripte
605 2248 701 2326 emet,
724 2239 921 2324 aplerieque
935 2215 1071 2322 'omisero
1094 2259 1113 2303 e
1135 2238 1204 2306 eod.
1225 2239 1257 2304 R
1277 2239 1414 2306 librario
1436 2258 1525 2325 provo

421 2356 532 2423 ordine
554 2356 664 2423 addite
685 2366 743 2426 eet.
767 2355 978 2422 Soribendum
999 2363 1049 2421 est
1069 2356 1183 2442 igitur:
1212 2365 1260 2423 vel
1274 2379 1383 2424 recens
1404 2364 1451 2423 vel
1469 2360 1525 2420 or'r'-

420 2480 491 2540 dum
512 2480 652 2554 ultorque.
698 2477 812 2541 Medici
831 2481 978 2558 splenicis.

337 2657 400 2729 468
835 2591 1123 2671 146=ibidem.
1199 2603 1231 2610 “’

469 2771 516 2784 -
543 2724 746 2805 Stomacho
788 2733 911 2803 tamen
951 2724 1079 2802 inutile
1120 2748 1204 2802 esse
1241 2769 1290 2803 ψ
1325 2771 1373 2786 -
1420 2722 1524 2824 aliqui
1605 2720 1607 2823 l

468 2867 617 2964 negent.
663 2856 709 2936 Et
734 2855 954 2960 religionem
978 2857 1120 2936 addunt
1147 2866 1218 2938 eto.

502 2993 667 3060 Leounem
689 3012 709 3056 a
731 2991 797 3059 Sill.
820 2990 1055 3078 deprehensam
1075 2992 1121 3056 ite
1143 2993 1276 3079 expleo:
1602 2890 1607 3051 Ι

355 3144 358 3148 ·
463 3119 605 3193 ollepont,
627 3116 721 3190 aliqui
741 3119 856 3190 nepum
875 3119 905 3174 et
924 3109 980 3178 rel.

505 3225 656 3293 Oeterum
683 3228 717 3291 in
737 3227 801 3291 fine
822 3226 917 3292 huius
943 3247 1060 3291 senous
1084 3231 1235 3306 arrepunt
1267 3229 1389 3314 optime
1418 3243 1523 3295 ornnes

362 3401 367 3415 .
416 3342 493 3441 'libri
509 3344 600 3412 MSS.
622 3344 743 3409 hebent
764 3343 805 3409 de
819 3345 859 3410 iis
871 3323 1115 3430 intelligendum
1128 3345 1182 3431 qui
1196 3347 1316 3432 polium
1330 3347 1525 3414 invenerunt.

339 3499 402 3569 439
672 3467 936 3555 151=20,87.
973 3462 1043 3559 (de
1069 3461 1265 3557 meliloto).

470 3593 570 3673 ldem
597 3596 750 3674 effectus
777 3601 814 3672 et
839 3595 887 3671 ad
907 3593 1062 3695 vulvas3
1088 3602 1204 3673 testes
1230 3620 1320 3675 vero
1339 3605 1375 3674 et
1400 3596 1522 3675 sedem

471 3729 687 3834 prociduam
715 3751 886 3830 quaeque
924 3728 1058 3821 etalio
1094 3729 1145 3807 ibi
1171 3730 1244 3806 sint
1282 3729 1370 3807 vitia
1396 3747 1522 3807 recens

473 3889 521 3943 ex
548 3886 643 3964 aqua
669 3863 827 3941 decocta
851 3860 913 3939 vel
939 3886 987 3939 ex
1011 3860 1136 3963 passo.

417 4021 430 4041 ·
508 3996 551 4060 Ut
569 3982 899 4062 etruoturee'lebanti
926 4001 1143 4079 euoourreret,
1170 3993 1235 4061 Sill.
1268 3995 1358 4059 varie
1384 3994 1522 4071 nuent

424 4113 521 4179 lenus
541 4133 654 4178 eume
681 4120 771 4198 perte
800 4120 929 4178 seoutns
958 4117 1002 4176 ad
1027 4123 1115 4178 testes
1142 4119 1175 4176 et
1196 4124 1378 4178 recente-
1401 4117 1519 4178 decocto

424 4229 560 4316 sempsit.
604 4232 649 4295 At
670 4250 745 4295 vero
764 4227 855 4297 oodd.
879 4238 912 4295 et
932 4232 1151 4298 eoousetivum
1173 4229 1339 4318 praebent,
1361 4236 1520 4321 ptromqne

281 4343 284 4359 ¹
426 4351 463 4434 V,
483 4347 623 4434 priorem
643 4348 688 4431 R,
722 4354 754 4413 et
775 4367 887 4412 vooem
911 4353 955 4413 ad
973 4350 1131 4436 ignorent.
1174 4346 1289 4434 Itoque
1310 4347 1410 4413 multo
1432 4347 1521 4413 tntioe

425 4469 485 4535 orit
504 4464 603 4532 verbe
624 4485 706 4553 queo
728 4461 888 4530 excidisse
901 4465 1045 4551 putende
1068 4473 1152 4550 sunt,
1173 4467 1230 4531 teli
1249 4464 1318 4531 lere
1337 4461 1433 4528 modo
1456 4481 1520 4548 mpf

424 4588 527 4673 plere:
609 4593 625 4610 ‘

465 4745 507 4758 -
528 4719 615 4774 tentes
635 4723 706 4772 vero
727 4739 769 4754 ·-
788 4708 1023 4770 vitiarecentem
1040 4739 1083 4781 -ε
1096 4704 1249 4768 decoctam
1258 4734 1296 4748 -
1312 4705 1519 4766 mareotico.
