3567 5559
667 781 756 843 Liber
778 777 937 841 XXVIII.
1294 775 1355 844 165

310 974 524 1039 Structorem
558 973 727 1037 verborum
754 973 800 1036 ita
837 970 966 1035 demum
1004 970 1168 1035 emendari
1209 979 1353 1058 apparet,

232 1113 305 1156 oum
330 1114 349 1156 e
372 1091 442 1156 Rd
476 1111 548 1156 cum
571 1091 708 1175 vulgatis
732 1089 926 1154 editionibus
949 1089 1133 1174 genetivum
1155 1096 1240 1167 ueprr'
1261 1090 1353 1152 resti-

231 1209 333 1272 tueris
360 1215 465 1295 atque
488 1199 671 1272 litterate
693 1209 840 1293 proxima
861 1226 939 1271 voce
961 1206 1100 1290 repetita
1122 1207 1302 1292 scripseris:

273 1333 365 1405 uepri
386 1331 549 1406 supterlim'
570 1365 608 1372 —
631 1336 660 1389 et
680 1329 858 1404 ipnorantir.

692 1482 738 1556 91
757 1502 797 1532 =
810 1481 909 1566 836.
1375 1485 1437 1558 606

282 1611 444 1690 Urinam
475 1610 646 1707 (cameli)
685 1609 886 1689 fullonibus
914 1567 1141 1686 utilissimam
1171 1637 1255 1691 esse
1280 1618 1353 1689 tro-

201 1774 204 1779 ·
284 1744 403 1839 dunt3
423 1747 683 1836 .-·Nbarbaros
709 1767 859 1821 servare
900 1769 980 1822 eoru
1007 1747 1258 1847 quinquennio
1285 1743 1351 1821 rel.

317 1877 524 1942 infinitivum
555 1879 690 1944 alterum
724 1881 806 1941 bene
833 1875 962 1964 quidem
997 1879 1094 1944 verbo
1124 1884 1253 1943 tradant
1282 1878 1352 1963 regi

235 2015 298 2058 uon
329 2017 442 2083 nego,
478 1995 537 2060 sed
570 1996 699 2082 optimis
731 1994 823 2059 codd.
846 1995 890 2059 Β2
913 1996 957 2062 V²
989 1996 1022 2060 in
1050 1996 1130 2063 libro
1159 2004 1210 2062 sat
1244 1995 1352 2061 multis

237 2110 362 2178 lacunis
392 2115 560 2200 inquinato
591 2113 876 2198 obtemperandum
913 2114 1179 2201 scribendumque
1210 2121 1247 2180 ut
1283 2119 1353 2179 erat

240 2237 313 2294 ante
334 2231 454 2313 Hard.,
476 2253 565 2296 reor:
589 2237 738 2296 terimur
758 2243 883 2296 constat.

699 2390 747 2462 95
757 2388 902 2472 ’τ’-837.
1373 2417 1435 2487 607
1547 2437 1549 2442 ·

287 2516 462 2592 eiusdem
479 2516 621 2606 dentes
648 2517 679 2592 si
701 2516 748 2592 de
762 2516 909 2593 sinistra
923 2523 1024 2617 parte
1037 2518 1145 2594 rostri
1161 2517 1253 2594 eruti
1268 2518 1350 2594 sint.

323 2655 423 2713 rostri
444 2655 523 2712 eruti
542 2655 601 2712 rint
632 2649 744 2734 reliqui
767 2638 894 2713 codices
915 2650 1074 2732 omittunt,
1096 2649 1140 2714 Β2
1162 2649 1261 2714 verba
1282 2655 1352 2714 tan·

244 2768 309 2826 tum
332 2773 416 2830 erun
434 2772 502 2830 sint.
524 2773 552 2829 si
573 2786 591 2829 e
610 2765 833 2830 terminatione
855 2772 950 2831 denus
975 2768 1058 2831 male
1080 2767 1250 2852 repetitam
1265 2772 1351 2830 recte

244 2877 474 2970 Delecampius
496 2876 619 2962 omisit,
650 2881 734 2946 idem
757 2883 880 2969 reliqua
903 2885 1214 2978 quo-queexpunxit.
1258 2883 1302 2946 At
1321 2905 1351 2948 v.

245 3008 337 3066 rostri
359 3002 432 3068 cod.
456 3001 499 3064 Β2
523 3007 654 3065 auctore
676 3001 877 3066 retinendam
901 3021 972 3066 esse
995 3021 1121 3067 censeo.
1286 3057 1298 3099 ,

502 3135 772 3213 100=ibidem
797 3135 872 3229 lde
899 3136 1081 3236 hyaena).
1375 3126 1437 3198 608

295 3268 498 3369 superioris
525 3269 677 3345 dextrae
703 3270 817 3368 partis
843 3269 952 3347 rostri
979 3270 1083 3346 dens.

328 3402 381 3465 lta
403 3401 469 3465 Sill.
491 3401 576 3465 Ian:
612 3407 799 3480 eruperiori
820 3407 930 3466 dextre
950 3413 1040 3481 perte
1061 3408 1154 3466 rostri
1176 3406 1263 3482 deur,
1295 3393 1354 3464 irn-

252 3514 449 3594 peditissima
471 3525 605 3604 uterque
635 3525 803 3584 structura.
846 3518 894 3582 R·
928 3525 1080 3600 superiori
1107 3511 1235 3584 deerret»
1256 3525 1356 3599 portis

252 3618 338 3698 roan·
358 3634 485 3700 R¹VT
506 3641 657 3714 superiori
678 3640 788 3700 dextro
808 3648 899 3714 parte
919 3643 1014 3702 rostri
1032 3638 1053 3701 i.
1076 3659 1104 3704 e.
1125 3637 1233 3702 littera
1253 3641 1265 3698 i
1286 3655 1353 3698 cor·

253 3755 351 3816 recta:
461 3747 465 3752 ’

329 3876 468 3951 superior
489 3890 506 3933 e
527 3876 636 3934 dextre
655 3881 745 3949 purte
766 3878 860 3934 rostri
882 3876 966 3935 decr.

676 4010 743 4082 111
761 4030 799 4109 ÷
816 4009 912 4095 838.
1376 4052 1437 4122 509

300 4134 461 4236 Sanguis
503 4137 692 4236 utriusque
745 4137 966 4232 (crocodili)
1013 4136 1215 4214 claritatem
1253 4133 1355 4210 visus

303 4267 459 4346 inunctis
486 4270 600 4347 donat
625 4277 662 4346 ot
697 4271 889 4347 cicatrices
917 4269 1108 4347 oculorum
1134 4266 1317 4345 emendat.
1421 4349 1423 4361 ,

332 4401 420 4466 Leve
441 4403 553 4467 vitium
577 4424 617 4467 ex
639 4403 802 4488 archetypi
825 4424 864 4467 ea
887 4403 1004 4488 specie,
1030 4401 1156 4488 qualem
1179 4399 1285 4464 animo
1308 4398 1355 4461 in·

260 4510 405 4601 formavi,
427 4518 649 4605 corrigendum
672 4526 730 4584 est.
773 4519 824 4585 Sc.
846 4543 896 4586 vv.
920 4526 1014 4584 donor
1044 4532 1072 4582 et
1098 4518 1132 4583 in
1154 4517 1242 4580 libris
1265 4513 1354 4579 MSS.
1470 4499 1489 4562 ἰ

262 4649 318 4698 uon
338 4636 495 4723 leguntur,
517 4639 550 4702 in
567 4628 701 4724 quorum
714 4637 888 4724 archetypo
901 4637 964 4703 duo
979 4657 1089 4701 versus
1102 4632 1214 4698 XXVI
1235 4632 1355 4697 littera·

259 4766 322 4818 run
340 4755 385 4820 ita
406 4755 515 4840 scripti
535 4754 681 4820 filerunt:
