3567 5559
416 761 479 831 281
834 763 924 828 liter
945 765 1098 830 XXXVI.

498 959 605 1037 Quum
626 981 739 1028 omnes
757 962 903 1044 moires,
934 981 999 1026 non
1021 961 1125 1026 solum
1146 960 1218 1026 Rd
1248 967 1341 1039 (narn
1362 959 1524 1025 vossiano

416 1079 481 1144 ium
503 1077 724 1158 destituimur)
743 1079 802 1145 sed
821 1081 919 1144 etium
931 1078 1181 1165 Bumbergeneie
1203 1077 1428 1144 eumhobeent
1452 1075 1527 1154 [iul-

414 1197 490 1262 litur
510 1197 595 1262 enim
617 1196 722 1279 Sili),
746 1199 931 1264 messario
952 1218 1030 1262 eum
1049 1195 1256 1264 scribendum
1277 1205 1343 1280 est,
1372 1218 1393 1261 a
1414 1219 1447 1261 r.
1471 1216 1529 1278 ,re-

414 1315 584 1402 liquereut‘
606 1320 726 1400 aptum
769 1313 920 1382 Ceterum
944 1317 973 1401 ξ.
991 1315 1033 1388 98
1053 1321 1167 1396 aomo
1190 1322 1278 1382 reote
1299 1317 1399 1402 vulgo
1422 1313 1530 1382 omitti

415 1452 532 1501 oeueeo
552 1440 628 1520 poet
647 1453 776 1501 versum
789 1431 919 1500 xxvfl
930 1434 1107 1502 litterarum
1130 1455 1172 1500 ex
1194 1435 1341 1522 proximo
1365 1431 1529 1500 vocabulo

414 1551 603 1636 repetitum,
636 1556 746 1616 milium
767 1572 893 1619 aureum
915 1551 1075 1642 quomodo
1104 1552 1267 1620 emendari
1290 1551 1430 1634 debeat,
1466 1570 1531 1617 non

414 1690 550 1756 reperro.

332 1853 395 1922 794
776 1829 835 1906 99·
865 1828 935 1902 100
948 1823 1154 1902 :ibidem

464 1957 607 2035 Eadem
632 1957 669 2032 in
695 1957 786 2035 urbe
812 1999 859 2014 --
886 1964 1007 2033 turres
1033 1964 1177 2058 septem
1202 1965 1383 2057 acceptas
1410 1979 1531 2036 voees

464 2113 617 2168 numero
641 2111 866 2189 repercussu
890 2087 1134 2189 multiplicant
1160 2131 1220 2166 -.
1270 2089 1318 2170 Et
1341 2089 1420 2168 hoe
1446 2091 1532 2191 qui-

467 2225 551 2302 dem
584 2223 751 2301 iocorum
776 2227 905 2298 natura
940 2223 1064 2298 evenit
1102 2245 1147 2301 ae
1172 2221 1392 2324 plerumque
1438 2247 1531 2303 oon·

463 2353 629 2450 vallium3
655 2355 706 2433 ibi
732 2377 822 2432 casu
848 2355 1002 2445 accidit,
1043 2353 1234 2457 Olympiae
1272 2364 1397 2434 autem
1437 2365 1528 2445 arte,

464 2491 501 2565 in
527 2489 672 2589 porticu
710 2510 819 2587 quam
856 2489 904 2566 ob
946 2487 985 2563 id
1024 2485 1290 2589 heptaphonon
1323 2489 1529 2591 appellant,

466 2621 652 2726 [quoniam
678 2621 844 2722 septiens
871 2621 1003 2699 eadem
1018 2645 1094 2701 vox
1120 2621 1309 2711 reddituri.

497 2754 656 2820 Graecum
678 2753 869 2819 vocabulum
890 2753 1012 2819 Plinius
1041 2775 1098 2820 our
1119 2755 1300 2841 legentibus
1330 2756 1527 2842 interprete·

414 2879 503 2938 retur
521 2893 587 2939 non
615 2871 693 2956 fuit3
728 2873 939 2958 grammatico
960 2874 993 2937 in
1014 2875 1159 2959 margine
1187 2874 1396 2960 interpretem
1429 2895 1528 2961 agere

414 2990 545 3074 pleouit.
587 2991 625 3055 In
645 2989 792 3076 proximo
818 2995 917 3056 sensu
948 3011 1013 3058 uon
1035 2997 1109 3077 port
1135 3013 1165 3056 r.
1188 2997 1273 3058 clavo
1302 2990 1360 3057 sed
1388 3013 1476 3078 poue
1497 3015 1529 3057 v.

414 3115 544 3190 oweno
564 3108 856 3194 interpungendum
877 3129 951 3176 esse
968 3107 1100 3177 videtur.

332 3252 395 3324 795
469 3287 473 3292 ·
840 3265 959 3341 104:
978 3267 1095 3353 1534.

309 3427 313 3434 ·
464 3391 543 3470 Sed
567 3399 644 3469 turn
669 3416 780 3471 senes
807 3395 958 3497 aggeris
985 3401 1129 3474 vastum
1154 3395 1313 3497 spatium
1340 3393 1403 3486 [et]
1435 3393 1528 3472 sub·

465 3526 689 3604 structiones
716 3525 865 3602 insanas
893 3526 1061 3628 Capitolii
1088 3527 1310 3605 mirabantur
1335 3525 1401 3608 rel.

497 3676 660 3748 Pertioule
682 3687 711 3738 et
732 3695 830 3762 quum
851 3682 981 3763 praeter
1001 3677 1032 3744 R
1054 3678 1151 3746 etiam
1175 3677 1208 3742 in
1228 3676 1256 3744 B
1278 3677 1445 3746 ominetur
1467 3695 1526 3745 ue·

417 3794 535 3883 quein
556 3795 698 3862 ohieeme
720 3794 904 3861 necessaria
926 3794 1082 3878 rideatur,
1105 3793 1250 3862 deleatur
1272 3800 1407 3875 oportet.

334 3976 397 4045 796
586 3947 877 4026 tot-:ibidem
912 3947 979 4040 (de
1006 3945 1136 4026 oioaea
1162 3947 1354 4040 maxima).

465 4077 662 4156 Permeant
688 4081 860 4158 corrivati
886 4086 1029 4178 septem
1058 4103 1186 4158 amnes
1212 4103 1281 4179 -3
1322 4079 1524 4180 aliquando

466 4207 607 4286 Tiberis
633 4200 731 4290 retro
758 4213 901 4290 infusus
928 4213 1102 4314 recipitur
1115 4220 1356 4315 pugnantque
1384 4213 1523 4291 diversi

466 4363 642 4442 aquarum
668 4342 828 4444 impetus
854 4347 965 4423 intus.
1089 4359 1091 4362 ’

476 4491 514 4558 V.
538 4497 619 4555 intus
639 4511 722 4577 quae
744 4512 842 4556 sensu
862 4494 994 4559 minime
1016 4494 1186 4608 requipitur
1216 4501 1312 4580 etque
1334 4513 1352 4558 e
1374 4493 1521 4577 proximo

372 4667 379 4682 ,
416 4609 573 4675 rooebulo
598 4608 695 4675 fuoile
722 4610 824 4694 repeti
851 4612 971 4694 potnit,
1007 4613 1173 4696 quianon
1201 4611 1357 4696 reperitur
1384 4609 1418 4674 in
1447 4609 1476 4676 B
1503 4631 1523 4676 a

415 4726 509 4794 nobie
530 4746 657 4812 quoque
677 4725 857 4797 omittente
876 4733 937 4792 eet.
