3567 5559
365 1274 428 1340 128

435 568 499 636 tou
896 559 997 627 biber
1020 559 1084 627 VI.

437 753 576 819 tondum
595 747 738 828 videtur,
758 758 796 814 ut
815 747 977 814 musto
999 763 1087 832 quoe
1108 744 1142 808 in
1157 743 1190 809 R
1203 739 1372 820 Amisia,
1383 739 1418 804 in
1430 737 1485 804 'fd
1496 737 1564 803 Ar-

439 871 544 957 urysio
556 870 716 949 'vocatum
735 869 768 933 in
775 866 932 932 Armuzia
946 863 1003 930 vel
1015 863 1211 942 Hannonis,
1233 861 1277 927 cs.
1287 856 1561 927 Arriamlndflss.

442 1000 476 1054 et
494 985 581 1053 infre
602 984 730 1075 §.110,
752 985 808 1050 ubi
828 982 987 1049 Amonei
1005 980 1107 1065 vulgo
1129 982 1255 1059 editur,
1276 978 1467 1044 Hor-masei
1485 977 1520 1042 in
1543 976 1565 1039 d

442 1106 624 1194 reperitur.

858 1255 934 1334 115
948 1289 988 1328 =
1002 1257 1064 1353 26,
1080 1256 1141 1332 29.

495 1408 616 1510 Regio
641 1406 693 1482 ibi
719 1405 900 1485 maritimo
926 1408 1109 1502 cirib03
1137 1429 1209 1506 qun
1233 1427 1324 1478 vero
1351 1400 1435 1502 ipso
1463 1397 1562 1474 subit

496 1546 544 1620 od
569 1543 704 1619 llledos
729 1550 791 1617 rel.

455 1774 457 1779 Ι
531 1694 633 1758 Orom
644 1694 794 1761 Persidis
807 1715 895 1782 quse
910 1713 1002 1760 more
1013 1695 1148 1760 rubrum
1160 1691 1303 1778 attingit,
1322 1687 1478 1755 oratione
1490 1705 1563 1770 pro·

448 1810 503 1878 cul
525 1812 624 1878 dubio
646 1834 766 1879 manoe
787 1825 821 1879 et
843 1814 1009 1881 lacunosa
1031 1812 1193 1878 describit
1216 1809 1352 1875 Plinius.
1404 1805 1495 1880 Quid
1515 1814 1564 1868 te·

449 1952 526 1997 men
539 1931 665 2022 ¹(licere
685 1933 849 2018 videntur,
870 1934 1045 2020 ingeniose
1067 1929 1259 1995 Haeduinus
1280 1924 1466 2026 indagavit.
1512 1923 1564 1988 At

449 2049 522 2116 tulit
546 2052 631 2116 enim
649 2051 771 2138 locum,
793 2073 859 2138 quo
871 2051 1051 2117 manifesto
1071 2049 1161 2114 hunc
1183 2047 1225 2112 de
1247 2066 1313 2133 quo
1333 2063 1423 2109 nune
1444 2041 1564 2127 agitur,

450 2170 640 2255 respiciens
661 2169 786 2235 Plinius
809 2170 840 2257 §.
857 2170 928 2237 136.
951 2190 1072 2252 „oram
1087 2165 1234 2252 Syrtium
1255 2163 1333 2229 vice
1352 2165 1564 2228 inaccessam

452 2288 583 2365 coeno“
604 2306 644 2350 se
668 2286 794 2352 dixisse
818 2289 935 2374 tradit,
966 2297 1067 2373 atque
1089 2285 1167 2350 inde
1188 2281 1336 2367 Syrtium
1356 2301 1483 2346 nornen
1506 2278 1563 2344 sub

451 2404 556 2468 verbo
568 2414 727 2487 corrupto
742 2402 853 2468 Ciribo
867 2405 975 2470 latere
992 2400 1092 2470 acute
1118 2415 1152 2468 et
1172 2421 1253 2466 vere
1274 2400 1432 2468 coniecit.
1458 2398 1564 2472 Quom

451 2539 534 2586 vero
558 2539 676 2585 vocem
699 2519 839 2600 effinxit,
860 2543 927 2607 qua
949 2542 1058 2587 coeno
1080 2521 1261 2586 inaccessa
1284 2539 1346 2585 oro
1366 2516 1565 2602 exprimere·

452 2651 507 2706 tur
526 2636 734 2726 Συρτίβωλος,
760 2659 802 2704 eu
825 2650 859 2705 et
879 2661 1019 2725 prorsus
1041 2659 1128 2704 novo
1150 2647 1205 2702 est
1227 2655 1271 2702 ac
1292 2637 1348 2702 vix
1363 2637 1500 2701 Graeca
1513 2653 1565 2718 ep·

454 2757 614 2846 pellendo
644 2769 678 2822 et
706 2758 833 2825 ideirco
869 2759 1010 2824 maximo
1047 2758 1279 2842 reprobando,
1317 2757 1472 2840 qnoniam
1502 2773 1564 2818 non

455 2877 658 2963 appellativo
682 2898 780 2962 quern
802 2886 928 2952 vocant
950 2898 1052 2942 sensu
1071 2877 1181 2962 σύρνις
1201 2897 1263 2961 pro
1278 2874 1352 2939 loco
1366 2892 1513 2938 arenoso
1533 2869 1562 2933 in

455 2999 540 3062 mori
560 2999 734 3081 usurpavit
755 2997 903 3082 Plinius,
934 2998 996 3062 sed
1027 2997 1069 3061 de
1095 2995 1227 3061 nomine
1249 2993 1388 3079 proprio
1412 2989 1561 3075 Syrtibus

457 3136 496 3180 se
514 3112 664 3179 loentum
689 3136 768 3180 esso
798 3117 874 3199 ipso
896 3137 995 3201 quom
1019 3115 1048 3202 §
1061 3114 1131 3182 136.
1157 3113 1296 3193 instituit
1317 3107 1561 3194 comparatione

372 3272 374 3274 ψ
458 3233 677 3301 demonstrat.
728 3230 815 3296 Nam
839 3232 874 3294 id
901 3253 968 3295 non
991 3233 1129 3296 dixerim
1153 3232 1242 3317 quod
1265 3229 1411 3314 Silligius
1435 3225 1561 3301 obiecit,

457 3346 619 3412 flerduini
642 3351 869 3414 coniecturam
899 3369 919 3411 o
946 3349 1101 3413 codicum
1128 3351 1299 3433 scripturo
1320 3348 1453 3415 nimium
1475 3363 1561 3410 rece-

459 3466 561 3541 dere,
593 3485 693 3549 quum
719 3465 911 3529 Herduinus
941 3465 1066 3530 diserte
1093 3476 1236 3534 testatus
1264 3469 1323 3547 sit,
1352 3465 1386 3528 in
1409 3460 1561 3528 Parisiois

458 3581 629 3669 plerisque
649 3580 717 3666 legi
736 3579 923 3662 Ceribobus,
945 3604 1010 3667 quo
1034 3586 1173 3669 propius
1196 3585 1295 3649 otium
1318 3583 1349 3648 ei
1370 3601 1469 3667 quom
1491 3601 1561 3665 pro·

460 3699 572 3786 posuit
599 3699 789 3784 scripturae
814 3701 982 3766 accedunt
1007 3701 1081 3786 libri
1108 3713 1186 3767 ente
1208 3699 1421 3766 Hermolaum
1444 3699 1562 3764 Borbe-
1617 3697 1618 3782 l

458 3840 532 3886 rum
555 3818 644 3905 editi,
665 3819 721 3906 qui
741 3819 868 3886 babent
887 3817 1068 3908 Gyribolus.
1111 3821 1243 3896 Quodsi
1264 3821 1363 3906 igitur
1373 3817 1561 3886 necessario
1617 3815 1618 3820 ’

459 3957 577 4010 nostro
597 3943 674 4008 loco
697 3941 845 4027 Syrtium
866 3963 935 4007 non
958 3941 1096 4030 σύρτεως
1117 3941 1241 4006 mentio
1262 3938 1335 4004 lieri
1356 3939 1480 4017 debuit,
1502 3938 1561 4002 cir·
1617 4021 1618 4030 ἵ

441 4061 711 4144 conspiciendo
734 4072 787 4126 est
814 4059 881 4125 alia
902 4063 1007 4140 ratio,
1036 4070 1160 4148 quaet
1186 4081 1206 4126 e
1234 4057 1384 4141 vestigiis
1410 4057 1561 4122 librorum

459 4177 547 4242 Mss.
569 4197 687 4241 sonum
708 4198 830 4242 nomen
848 4179 1020 4260 proprium
1051 4178 1172 4242 evadat
1195 4191 1229 4244 et
1248 4188 1438 4244 structurae
1460 4193 1561 4260 grmn-

460 4294 602 4361 mntic‘oe
623 4293 773 4359 satisfiet
796 4295 916 4380 Neque
939 4308 1005 4358 tem
1024 4291 1169 4359 difficilis
1193 4305 1246 4360 est
1266 4297 1412 4362 inventu.
1438 4293 1561 4360 Tenen·

461 4393 538 4483 dum
561 4419 614 4500 est
633 4411 731 4489 enim,
753 4431 852 4497 quom
873 4411 974 4476 modo
996 4409 1163 4476 attulimus
1184 4414 1325 4479 nominis
1335 4413 1484 4498 speciem
1506 4409 1561 4498 Ge·

459 4527 588 4596 ribubus
617 4525 670 4596 vel
699 4524 886 4615 Gyribolru,
905 4619 907 4624 Ι
924 4531 957 4596 ἰιι
986 4529 1208 4598 deterioribus
1239 4543 1364 4600 tantum
1394 4530 1560 4597 codicibus
