3567 5559
692 570 795 638 nae
813 573 901 645 ΡΠ.
1290 572 1353 638 lat

225 756 347 843 aliquo
370 775 541 822 successu
562 757 839 842 intumescerent,
868 779 908 826 sc
937 760 1032 844 ipsos
1058 778 1121 843 pro
1150 759 1222 824 deis
1247 757 1351 824 habe-

226 876 325 940 bant.
374 875 521 939 tamem
539 877 626 942 enim
645 897 722 943 curn
743 878 830 946 Rob.
850 879 1047 944 restituatur
1068 897 1155 960 opus
1176 889 1240 957 est,
1263 880 1352 963 quoti

226 991 357 1058 lineola
375 993 453 1058 voci
478 979 586 1060 tumre-s
608 994 767 1080 imposita
787 984 1062 1063 evanescentem
1076 995 1351 1081 secundamper·

227 1131 354 1176 sonam
379 1110 652 1178 transformatum
665 1124 731 1184 est.
766 1114 835 1178 lam
858 1135 901 1180 en
922 1113 980 1178 tibi
1004 1125 1220 1198 persanatum
1243 1113 1352 1182 locum

228 1232 351 1299 adhuc
374 1232 550 1298 anemius
572 1232 789 1298 intellectum.

693 1351 892 1447 m=aa
1369 1359 1431 1426 rm

288 1484 514 1587 (Agrippa)
545 1476 702 1563 adversa
724 1460 862 1585 pedum
883 1485 1105 1583 valetudine,
1135 1485 1273 1562 misera
1293 1485 1350 1562 iu·

285 1631 408 1716 venta,
426 1622 594 1698 exercito
618 1647 708 1699 aevo
734 1623 953 1699 interorum
977 1601 1211 1723 mortesque
1237 1627 1348 1702 obno-

283 1757 349 1834 xio
374 1782 542 1851 accessu,
564 1756 702 1833 infelici
723 1757 834 1833 terris
857 1757 1035 1861 stirpe...
1057 1763 1348 1862 praetereabre-

282 1894 403 1970 vitate
433 1891 534 1987 aevi,
568 1891 869 1992 quinquagesimo
900 1918 974 1969 uno
1008 1905 1138 1995 raptus
1170 1919 1347 1969 anno....

280 2029 402 2106 luisse
425 2025 617 2126 augurium
643 2027 878 2127 praeposteri
901 2027 1032 2104 natalis
1055 2028 1298 2105 existimatur.

318 2163 432 2228 Recte
460 2162 608 2248 Silligius
634 2164 850 2229 coniecturas
875 2185 897 2230 a
917 2163 991 2230 VV.
1005 2163 1079 2230 DD.
1109 2163 1260 2248 prolatas
1288 2166 1350 2232 im-

232 2283 394 2366 probavit
414 2296 448 2348 et
470 2302 489 2347 e
512 2280 608 2347 codd.
622 2282 855 2370 R(Morbac.)
874 2285 1072 2370 quibuscum
1095 2284 1238 2351 Parisini
1259 2287 1349 2374 apud

232 2400 442 2465 lietduinum
456 2400 677 2495 consentiunt,
695 2400 864 2486 scriptura
881 2403 1026 2468 adauxio
1045 2404 1176 2490 recepit
1197 2403 1346 2490 obnoxio,
1370 2477 1376 2492 ¹

231 2519 323 2605 quod
338 2519 405 2583 iam
418 2517 603 2583 Salmasius
627 2517 830 2600 coniecerat,
852 2530 951 2607 atque
972 2521 1006 2585 in
1019 2522 1092 2586 cod.
1105 2543 1123 2586 r
1138 2520 1227 2587 hanc
1239 2523 1346 2608 ipsam

229 2636 416 2703 lectionem
439 2635 578 2700 inveniri
600 2635 717 2714 tradit,
738 2657 824 2722 quae
846 2659 928 2704 sane
951 2639 984 2703 in
1007 2640 1084 2704 edit.
1105 2639 1257 2726 Lugdun.
1280 2660 1349 2704 non

229 2765 426 2822 annotatur.
456 2744 565 2829 Quam
582 2763 691 2823 autem
708 2753 966 2839 explicationem
984 2755 1113 2840 profert
1128 2756 1180 2821 vir
1197 2756 1349 2822 doctissi-

231 2895 320 2951 mus,
336 2872 525 2956 Agrippam
547 2870 654 2954 ipsam
675 2871 719 2934 ad
742 2882 868 2936 mortes
880 2873 1072 2937 accessisse
1083 2867 1271 2938 'Octaviano
1287 2875 1350 2939 ob-

231 2991 385 3070 noxium,
404 2988 487 3054 ierri
506 2988 654 3055 sortasse
672 2989 907 3068 concederem,
930 2989 961 3054 si
980 2988 1142 3078 obnoxius
1161 2991 1350 3076 legeretur:

234 3133 358 3177 aarum
384 3110 495 3194 ipsum
517 3111 699 3176 obnoxium
722 3108 908 3174 Octaviano
935 3110 1022 3175 inter
1046 3129 1140 3176 arma
1163 3121 1196 3175 et
1224 3121 1351 3176 mortes
1375 3113 1379 3120 '

234 3231 285 3293 ita
307 3228 463 3294 exerceri
488 3227 601 3312 nequit
623 3237 660 3290 ut
678 3227 722 3290 ad
745 3226 882 3291 casdem
903 3227 1055 3294 accedat.
1097 3228 1181 3294 Nam
1205 3229 1282 3295 dum
1304 3231 1350 3296 in·

236 3361 289 3415 ter
309 3367 406 3412 arma
425 3357 591 3429 versatur,
613 3346 667 3432 qui
690 3346 825 3412 tandem
847 3347 967 3429 eadem
990 3347 1083 3412 adire
1103 3348 1248 3434 poterit?
1272 3350 1350 3417 Una

235 3466 347 3534 littera
358 3475 485 3530 mutata
496 3464 710 3528 scribendum
723 3477 777 3529 est
788 3464 1011 3560 mortisque
1023 3463 1088 3528 hoc
1098 3485 1217 3534 seusus
1229 3488 1349 3534 aevum

236 3592 277 3654 ab
295 3587 454 3674 Agrippa
476 3584 563 3648 inter
591 3603 684 3648 arma
711 3583 896 3648 exercitum
921 3595 954 3649 et
981 3584 1027 3661 ita
1054 3587 1170 3656 mortis
1191 3586 1350 3656 accessui

235 3723 374 3790 semper
395 3702 576 3768 obnoxium
598 3699 669 3767 fuit.
697 3700 824 3766 Eodem
846 3701 934 3766 enim
958 3703 1056 3765 modo
1079 3723 1145 3787 quo
1167 3705 1296 3786 „morbi
1316 3715 1350 3770 et
1389 3692 1394 3705 ’

235 3822 382 3888 febrium
402 3824 593 3885 accessus“
611 3815 699 3883 infra
713 3817 867 3882 XXVlll.
888 3815 940 3880 46.
963 3830 998 3880 ct
1018 3820 1107 3901 apud
1130 3818 1215 3882 Gall.
1237 3820 1294 3889 lV.
1315 3822 1348 3890 2.

236 3948 466 4022 usurpatum,
484 3956 577 4002 mors
589 3936 721 4021 quoties
734 3933 836 3998 armis
847 3930 1102 4017 confligebatur,
1112 3934 1156 3996 ad
1166 3933 1349 4023 Agrippam

237 4058 430 4126 accessisse
452 4057 582 4124 dicitur.
624 4054 839 4135 ‚‚Accessu“
859 4051 960 4136 igitur
980 4049 1111 4118 tertium
1134 4072 1250 4119 casum
1270 4076 1349 4126 esse
1448 4047 1451 4054 ¹

238 4187 389 4264 apparet.

664 4292 713 4366 51
727 4322 767 4358 =
782 4289 843 4385 12,
861 4288 923 4364 10.
1365 4313 1428 4380 156

285 4428 541 4508 indubitatum
564 4428 776 4527 exemplum
800 4436 859 4501 est
877 4425 1042 4504 Nicaei
1068 4429 1200 4506 nobilis
1211 4440 1349 4530 pyctae

284 4564 462 4668 Byzantii
475 4561 591 4666 geniti
603 4562 666 4664 qui
681 4605 732 4622 -··
746 4586 854 4641 arum
866 4562 1100 4662 regeneravit
1111 4562 1359 4662 Aethiopem..
