3567 5559
346 4407 407 4473 lto

415 569 477 636 tta
865 565 966 634 aaa
988 565 1077 636 1⁷11.

415 773 524 841 ecque
548 754 734 840 corruptis.
784 751 968 820 mortono
989 751 1077 821 enlm
1099 753 1143 818 da
1165 751 1239 818 viro
1260 748 1459 818 Aetolorum
1476 749 1523 818 la·

415 873 502 941 bulis
530 873 632 939 valde
658 872 830 940 celebrato
858 891 971 939 sermo
994 883 1066 950 est,
1099 872 1281 936 litantium
1305 871 1403 952 dico,
1432 893 1525 959 quen

417 992 573 1078 corporis
591 991 714 1056 robore
737 990 890 1055 omnibus
909 988 1055 1054 Graecis
1076 990 1289 1074 praestitisse
1311 991 1526 1056 consentiens

417 1109 491 1176 tulit
510 1109 599 1196 apud
613 1119 749 1175 veteres
765 1105 866 1194 fama.
911 1089 976 1182 Qui
1000 1121 1172 1193 pastorum
1196 1113 1467 1195 rusticorumque
1484 1111 1529 1175 ri·

418 1242 485 1295 tam
508 1240 542 1295 et
563 1227 765 1313 significavit
786 1244 820 1293 et
840 1227 973 1292 nomine
992 1227 1091 1291 etiam
1113 1227 1311 1296 declaravit.
1336 1229 1427 1303 Quid
1441 1230 1530 1293 enim

419 1345 508 1412 aliud
536 1357 588 1412 est
612 1344 766 1431 Τίτορμος
796 1367 838 1410 ac
864 1343 1016 1432 TJropoc,
1042 1367 1154 1432 aquo
1183 1347 1350 1411 vocabulo
1379 1344 1529 1431 pleniore

419 1478 544 1532 tantum
565 1463 796 1529 terminatione
829 1464 950 1528 distat?
995 1463 1166 1540 Quocirca
1188 1463 1338 1552 Tityrum
1362 1463 1529 1544 Aetolum,

419 1585 515 1649 euius
545 1580 612 1647 iilia
638 1581 769 1647 Helena
799 1581 889 1668 apu'd
916 1581 1142 1648 Ptolemaeum
1166 1581 1452 1667 Hephaestionem
1476 1585 1530 1649 lib.

418 1703 476 1769 lv.
492 1726 524 1787 p.
538 1701 609 1769 190.
625 1703 677 1768 ed.
690 1701 868 1767 Westerm.
891 1722 911 1766 e
933 1714 1034 1788 poeta
1056 1701 1165 1788 aliquo
1188 1701 1434 1782 Alexandrino,
1455 1704 1532 1769 Ale·

417 1823 549 1888 xandro
571 1821 720 1887 sortasse
734 1821 882 1905 Aetolo,
912 1821 1073 1887 Achillem
1101 1818 1227 1887 vicisse
1251 1823 1408 1904 traditur,
1438 1845 1461 1888 a
1480 1823 1532 1890 'li-

420 1953 526 2006 tormo
548 1961 616 2006 non
646 1938 753 2005 fuisse
782 1939 950 2004 diversum
980 1937 1091 2004 licebit
1119 1939 1288 2009 arbitrari.
1341 1941 1406 2016 Qui
1434 1964 1533 2028 qunm

419 2060 509 2124 initio
534 2059 638 2124 heros
666 2060 797 2145 quidam
827 2078 913 2122 aevo
940 2054 1095 2122 fabuloso
1119 2056 1224 2122 fuisse
1246 2059 1411 2138 videatur,
1437 2083 1534 2146 quern

420 2178 616 2262 pastoritiae
633 2180 720 2242 vitae
735 2177 879 2243 deditum
894 2177 1036 2242 decebat
1051 2197 1133 2241 sane
1147 2175 1317 2243 hominurn
1331 2181 1536 2245 commercia

419 2296 546 2360 evitare
563 2306 596 2358 et
611 2296 767 2358 montium
781 2293 977 2358 solitudines
993 2315 1158 2379 quaerere
1170 2289 1228 2376 (cl.
1240 2291 1427 2361 llerod.Vl.
1445 2299 1534 2383 127),

418 2411 577 2498 paulatim
599 2410 722 2477 iactum
745 2423 798 2477 est
827 2424 861 2476 ut
888 2407 991 2476 variis
1015 2413 1262 2479 narrationibus
1287 2413 1433 2480 diversis
1456 2428 1534 2481 tem-

419 2529 557 2619 poribus
578 2531 669 2596 vires
691 2525 846 2615 corporis
870 2527 1064 2592 exhibuisse
1086 2527 1242 2594 serretur.
1285 2529 1371 2593 Nam
1393 2543 1427 2595 et
1440 2533 1535 2597 Milo-

419 2649 472 2712 nis
494 2645 709 2713 Crotoniatae
732 2642 883 2734 aequalis
905 2643 1011 2710 inisse
1036 2637 1178 2710 traditur
1200 2649 1241 2711 ab
1264 2645 1405 2712 Aeliano
1432 2649 1472 2716 V.
1495 2649 1536 2716 il.

419 2765 491 2835 ΧΠ.
504 2765 555 2835 22.
570 2779 681 2853 atque,
704 2778 739 2832 ut
760 2767 903 2846 videtur,
925 2765 967 2830 ab
985 2764 1179 2831 Alexandro
1191 2747 1313 2832 Aetolo
1335 2768 1396 2856 (ci.
1409 2761 1534 2834 Athen.

419 2885 462 2951 Χ
481 2910 514 2971 p.
527 2885 590 2949 tlt
600 2885 656 2970 F),
669 2907 767 2970 quent
785 2883 825 2950 οΙ.
839 2883 941 2952 LXll.
957 2873 1132 2968 Olympiae
1148 2885 1283 2963 vicisse,
1303 2885 1344 2952 ol.
1356 2873 1488 2954 vatt.
1500 2887 1532 2951 3.

422 3003 598 3091 Sybaritas
622 3025 734 3088 pugna
756 2981 1113 3088 surperasse'oortstat‚
1143 3013 1177 3089 et
1198 3001 1240 3064 ol.
1257 2989 1326 3068 Χῖ).
1345 2994 1534 3070 ‘Clisthenis

423 3123 572 3210 Sicyonii
600 3119 700 3188 aetati
731 3122 918 3187 attribuitur
939 3122 981 3184 ab
1003 3119 1176 3185 Herodoto
1204 3119 1228 3188 l.
1245 3118 1266 3187 l.
1311 3121 1411 3208 Apud
1435 3146 1534 3208 quem

423 3263 521 3326 quum
536 3241 695 3306 Phidonis
709 3258 841 3325 qttoque
853 3237 970 3326 Argivi
989 3235 1075 3301 filius
1091 3237 1276 3303 deuertisse
1299 3239 1439 3325 dicatur,
1461 3241 1537 3307 lieri

422 3358 576 3424 facillime
603 3361 727 3443 potuit,
755 3369 791 3421 ut
812 3339 1015 3431 Darnastes,
1045 3339 1087 3419 ea
1112 3353 1178 3442 qua
1208 3359 1384 3423 utebantur
1411 3358 1535 3443 simpli·

424 3476 525 3541 citate
545 3486 681 3540 veteres
704 3472 902 3559 logographi
924 3471 1091 3539 iufabulis
1114 3485 1299 3559 temporum
1319 3479 1447 3543 ratione
1468 3481 1534 3545 dis·

422 3592 600 3682 ponendis,
624 3594 805 3660 Phidonem
825 3593 1008 3660 a'l'emeno
1031 3593 1206 3678 septimum
1231 3594 1283 3660 vel
1306 3597 1466 3662 decimum
1492 3597 1536 3663 ri·

423 3713 516 3777 xisse
537 3721 643 3792 ratus,
667 3687 878 3778 narrationes
901 3712 1055 3778 diversas
1077 3714 1144 3783 rita
1158 3714 1295 3780 'l'itormi
1314 3713 1400 3779 ultra
1420 3715 1537 3782 huma-

423 3854 501 3898 num
526 3834 658 3899 modum
694 3831 858 3918 producta
890 3821 1088 3897 conciliaret
1119 3852 1259 3918 etunque
1289 3853 1310 3897 a
1339 3854 1428 3899 nono
1458 3846 1536 3901 ante

425 3965 540 4018 aeram·
557 3967 708 4019 nostram
731 3952 870 4017 saeculo
891 3951 935 4014 ad
955 3933 1207 4034 sententiisque
1230 3951 1432 4034 pertinuisse
1457 3972 1536 4020 con·

424 4069 550 4138 iiceret
570 4069 652 4135 Utut
667 4080 730 4146 est,
753 4069 887 4153 scripsit
900 4067 988 4132 haud
1007 4068 1106 4133 dubie
1119 4065 1243 4134 Plinius
1262 4070 1400 4157 eiusque
1416 4081 1537 4140 auctor

426 4183 597 4250 Valeriae:
626 4186 817 4249 Titomtttm.
858 4239 862 4246 .

843 4343 1136 4460 174=52,53.'

476 4525 535 4603 be
556 4520 677 4600 anima
695 4494 962 4621 reperimus...
985 4517 1158 4600 Aristeae
1180 4521 1289 4602 etiam
1309 4524 1425 4608 nsum
1449 4554 1535 4606 ero.
