3567 5559
442 619 483 686 lt
913 613 1014 683 nuo
1034 597 1093 683 ΙΙ.

440 804 613 889 redigitur,
634 799 679 870 ef.
693 798 822 867 Vitruv.
837 798 911 880 tt,
935 798 1059 867 Colum.
1071 799 1112 868 V.
1127 800 1156 882 l,
1181 800 1354 869 Censorio
1369 823 1399 869 o.
1412 802 1471 887 13,
1491 807 1554 871 sed

440 934 477 993 ut
498 922 621 991 Plinius
642 942 713 987 rem
731 920 895 987 Romanis
918 920 1126 987 notissimam
1149 920 1311 989 adlieeret
1332 920 1424 989 nulla
1446 943 1555 991 eausa

439 1045 511 1113 luit
553 1041 692 1111 Soilieet
711 1037 766 1104 ille
789 1038 913 1124 ubique
934 1041 969 1107 in
985 1040 1167 1110 intervallis
1189 1040 1364 1109 metiendis
1384 1042 1496 1111 stadio
1509 1044 1555 1107 ud

440 1184 582 1251 passus,
602 1175 766 1242 nusquam
785 1176 867 1223 vero
889 1158 936 1222 ad
957 1159 1062 1242 pedes
1083 1157 1207 1235 refert,
1230 1157 1275 1227 al.
1288 1159 1400 1240 §.2479
1416 1160 1554 1227 Xllffl

440 1284 656 1367 Quapropter
676 1276 790 1343 ultiom
809 1275 916 1341 verba
939 1274 1102 1341 elicienda
1114 1296 1192 1343 esse
1211 1297 1410 1363 persuasum
1429 1279 1552 1349 habeo.

440 1403 588 1471 Fuerant
606 1396 664 1465 illa
688 1395 722 1461 in
743 1393 932 1478 archetypo
953 1396 1068 1461 versui
1090 1398 1332 1482 superscripta.

382 1562 424 1626 14
858 1546 983 1622 101:
997 1548 1058 1645 3⁷,
1073 1548 1132 1624 37.

492 1692 665 1809 (Stellae)
688 1711 726 1777 et
751 1699 1200 1821 antemnisknavigantium
1228 1702 1383 1804 aliisque
1407 1705 1554 1783 navium

489 1840 657 1946 partibus
691 1864 791 1937 ceu¹
813 1838 968 1913 vocali
1001 1839 1194 1941 quodum
1225 1865 1341 1916 sono
1374 1836 1550 1919 insistunt

489 1993 534 2061 ut
558 1981 730 2060 volueres
755 1975 885 2054 sedem
906 2000 957 2051 ex
980 1975 1072 2056 sede
1098 1985 1322 2075 quaerentes
1347 2020 1400 2035 -

524 2130 687 2216 Displicet
707 2128 915 2213 comparatio
936 2126 1143 2211 quentellus
1160 2129 1257 2214 quasi
1273 2139 1374 2195 uentu
1388 2130 1554 2195 antemnis

439 2250 588 2317 insidere
610 2249 772 2311 dicuntur.
822 2243 964 2309 collatis
984 2245 1086 2329 igitur
1108 2247 1264 2311 Seneoue
1285 2246 1372 2313 loeis
1392 2248 1466 2313 Nat.
1488 2248 1553 2323 Qu.

439 2372 464 2436 Ι.
479 2369 511 2437 l.
527 2378 563 2433 et
578 2365 623 2430 V.
637 2363 679 2427 12
695 2360 811 2445 legere
835 2358 966 2423 malim:

730 2500 819 2543 eum
840 2477 948 2541 coeli
971 2477 1140 2571 quodum
1162 2496 1259 2542 sono
1362 2500 1364 2507 ’

440 2604 575 2676 ot-Pltn.
587 2595 663 2666 infr.
674 2598 705 2679 §.
719 2597 789 2664 112.
915 2596 918 2605 '

381 2750 422 2822 w
824 2748 1136 2845 nm=mm.

418 2931 421 2937 ’
489 2909 592 2989 Hinc
614 2905 740 2983 nubila
763 2912 801 2978 et
825 2885 988 2977 tonitrua
1014 2910 1058 3011 et
1084 2902 1177 2979 alin
1201 2901 1366 2999 fulmina,
1391 2901 1498 2978 hinc.
1513 2956 1549 2977 ..

451 3143 453 3147 v
486 3048 645 3153 plurime
665 3040 875 3121 mortalium
897 3040 991 3113 mala
1016 3047 1079 3112 rel.

523 3200 612 3274 Quid
632 3196 695 3260 sibi
717 3192 798 3257 velit
826 3190 908 3253 illud
934 3189 1019 3267 alia,
1046 3209 1146 3274 quum
1179 3190 1220 3253 de
1245 3188 1435 3256 fulminibus
1460 3210 1549 3259 nune

438 3298 580 3407 primum
602 3334 715 3380 sermo
735 3310 792 3392 sit,
820 3326 889 3371 non
910 3304 1068 3389 intelligo.
1110 3306 1229 3391 Neque
1253 3303 1458 3393 Doleoampii
1478 3310 1550 3376 sive

439 3436 592 3515 Pintiani,
614 3450 711 3517 quem
732 3425 881 3509 Silligius
900 3424 1059 3503 nominat,
1081 3420 1277 3488 coniectura
1297 3423 1355 3487 illa
1376 3426 1551 3493 satisfacit

438 3552 660 3625 scribendum
679 3559 734 3614 est
755 3543 868 3609 letalia
889 3543 989 3626 (nam
1010 3543 1052 3608 de
1069 3540 1167 3607 melis
1187 3540 1334 3627 loquitur
1351 3544 1497 3629 Plinius)
1518 3558 1552 3610 et

439 3668 659 3762 eenole-post
678 3666 814 3745 nubila,
836 3680 924 3749 quae
945 3660 1048 3747 vulgo
1072 3661 1184 3738 deest,
1208 3680 1287 3729 eum
1304 3664 1457 3729 amnibus
1476 3662 1551 3729 fere

438 3794 614 3863 eodioibus
636 3788 747 3853 deleta
766 3782 963 3869 legendumz
985 3788 1008 3809 ·’
1147 3806 1149 3811 ·

480 3911 647 3989 nubila,
676 3906 852 3981 tonitrum.
879 3898 1030 3966 letalia
1059 3894 1221 3985 fitlmim,
1254 3896 1331 3962 line
1356 3896 1550 3986 mundiores,

478 4032 621 4120 minue
639 4024 699 4092 rel.

379 4186 419 4249 m
547 4243 551 4252 ,
849 4152 1134 4268 1m=mm.

486 4338 574 4438 Quo
596 4330 712 4432 magis
736 4328 862 4420 miror,
885 4326 976 4402 orbe
992 4320 1158 4404 discordi
1184 4331 1221 4399 et
1243 4320 1282 4397 in
1301 4344 1417 4421 regna
1444 4317 1554 4423 [hoo

488 4482 562 4552 est
592 4471 638 4546 in
669 4461 891 4566 membro]
925 4459 1063 4558 diviso,
1096 4470 1151 4537 tot
1180 4458 1269 4539 viris
1297 4481 1408 4537 curae
1430 4456 1553 4533 fuisse

485 4622 560 4691 tam
583 4609 701 4687 ardua
716 4605 871 4684 inventu
896 4607 961 4677 rel.
