3567 5559
566 411 589 452 η

454 537 516 604 lut
915 535 1017 602 Liber
1035 535 1105 602 IX.

451 722 606 806 legamus
626 739 738 806 neque
758 721 886 801 ruricio,
908 722 998 808 quod
1020 720 1240 787 subridicule
1259 717 1407 805 Silligius
1428 714 1551 782 coniecit.
1584 714 1585 744 ¹

453 841 562 916 Quasi
581 860 664 906 vcro
686 838 795 906 hastis
819 859 885 906 nac
909 839 1011 904 remis
1032 839 1067 904 in
1088 837 1267 922 fugiendo
1291 837 1447 902 utendum
1468 833 1552 899 esset!
1585 891 1586 894 ,

453 963 500 1028 At
525 981 628 1040 vero,
652 960 783 1046 quaerit
805 958 971 1047 Silligius,
1000 960 1204 1026 adverbium
1230 957 1337 1021 aliter
1357 955 1411 1019 cui
1430 955 1505 1018 buno
1522 951 1554 1014 ita

454 1079 622 1146 adiectum
643 1077 721 1144 eat?
746 1078 879 1163 Optime
896 1077 962 1142 huc
974 1077 1141 1163 quadrare
1157 1073 1377 1159 intelligitur,
1401 1071 1555 1135 mudooon

455 1209 605 1266 struatur
629 1218 705 1263 cnm
726 1198 841 1263 verbis
868 1219 937 1260 uon
958 1205 1040 1261 erut.
1089 1194 1278 1281 Significat
1304 1191 1396 1258 enim
1424 1184 1555 1272 „alioqui

456 1326 573 1402 utpote
596 1318 708 1403 sparsi
728 1337 797 1384 nou
819 1316 1011 1402 potuissent
1031 1316 1220 1395 evadere“‚
1245 1312 1353 1380 sicuti
1371 1302 1556 1374 xxxiiia.

456 1436 592 1522 legitur:
622 1455 761 1519 „neque
783 1434 869 1499 enim
892 1434 989 1498 aliter
1010 1435 1205 1519 potuissent
1227 1430 1393 1497 trimodia
1415 1424 1556 1491 anulorum

457 1554 628 1619 —mitti“.
671 1553 725 1619 Ne
745 1552 802 1620 illa
823 1554 955 1640 quidem
978 1575 1064 1641 quae
1089 1565 1300 1641 sequuntur,
1323 1552 1358 1615 in
1383 1547 1494 1634 quibus
1510 1560 1556 1604 nu·

456 1690 556 1755 gnam
583 1670 809 1755 corruptelam
838 1671 947 1737 latere
972 1672 1166 1756 suspicatur
1197 1670 1376 1758 sangine,
1410 1663 1556 1751 quidquam

422 1801 441 1828 ⁶
457 1790 590 1856 molesti
603 1791 738 1857 babent.
783 1791 964 1857 Rhetorice
987 1793 1106 1858 eadem
1127 1793 1257 1878 repetit
1274 1809 1367 1878 quae
1381 1785 1467 1870 apud
1478 1782 1557 1845 Neur-

458 1909 558 1975 cbum
589 1909 735 1996 legerat:
768 1909 835 1974 ictu
858 1908 1000 1976 telorum
1020 1931 1088 1974 uon
1111 1913 1236 1977 terreri
1259 1908 1398 1976 belluas
1415 1907 1556 1971 immanes,

458 2028 522 2094 sed
535 2049 679 2095 nevocc
698 2029 832 2115 quidem
853 2038 911 2092 aut
926 2029 1034 2092 sonitu
1056 2030 1209 2093 tubarum
1227 2027 1309 2094 solo
1325 2022 1448 2112 fugari,
1467 2033 1556 2083 verum

459 2148 604 2212 maximo
626 2145 782 2230 fragore,
803 2146 859 2232 qui
883 2157 916 2210 et
937 2145 1084 2210 clamore
1104 2123 1240 2211 sublato
1265 2162 1302 2212 et
1326 2146 1476 2210 tubarum
1495 2152 1555 2199 con·

459 2276 559 2328 centu
582 2276 617 2329 et
637 2284 804 2328 armorum
827 2285 1061 2351 remorumque
1083 2268 1228 2351 strepitu
1257 2259 1486 2339 efficiebatur,
1505 2266 1556 2318 tan·

460 2384 535 2446 dem
564 2401 605 2444 eo
634 2379 828 2464 compulsas
856 2379 964 2445 luisse
994 2383 1174 2463 balaenas,
1217 2398 1254 2451 ut
1285 2403 1396 2470 aquas
1425 2374 1555 2443 subirent

459 2498 601 2563 Brevius
616 2497 750 2562 Curtius
773 2505 961 2576 ,‚truccm“
983 2502 1083 2565 modo
1106 2512 1308 2582 „cantum“
1333 2501 1555 2568 commemorata

460 2615 639 2682 Nearchus
649 2636 733 2680 vero
746 2616 791 2680 ait
802 2616 891 2701 apud
902 2616 1097 2683 Arrianum:
1120 2621 1270 2700 ἐνταῧῇα
1279 2618 1404 2696 αὐτοὺς
1423 2612 1478 2704 μὲν
1496 2603 1555 2674 ium

461 2738 497 2804 αἱ
520 2732 662 2821 κεφαλαὶ
689 2734 836 2803 αὐτοῖσιν
864 2735 1004 2823 ἐχώρεον
1035 2738 1314 2826 ἐπαλαλάξαι,
1343 2736 1403 2814 τὰς
1428 2730 1460 2802 dl
1485 2723 1554 2792 uull-

461 2881 609 2943 πιγγας
638 2854 779 2940 σημῆναι
803 2851 861 2920 παλ
886 2852 942 2921 rou
969 2854 1113 2923 κτύπον
1143 2856 1206 2926 ἀπὸ
1233 2863 1291 2943 γῆς
1310 2853 1444 2945 εἰρεσίης
1467 2846 1505 2921 ὦς
1521 2833 1556 2905 ἐπὶ

460 2972 618 3058 μήκιστον
646 2979 844 3056 κατασχεῖν,
874 2973 1024 3038 similiter
1045 2973 1230 3040 Diodorus:
1261 2975 1349 3064 μετὰ
1371 2971 1407 3042 δὲ
1427 2957 1554 3036 rubra&

461 3091 614 3159 ⁰³¹1&wa
634 3093 727 3178 μιᾶς
748 3092 880 3177 φάνης
900 3095 1095 3181 γιγνομένης
1114 3093 1172 3161 καλ
1186 3094 1241 3163 διὰ
1260 3098 1340 3164 τῶν
1363 3088 1486 3161 ὅπλων
1502 3081 1555 3143 “07‘

462 3212 523 3276 λοῦ
543 3211 798 3297 συντελουμένου
820 3209 970 3294 ψόφου,
1002 3210 1079 3297 πρὸς
1109 3211 1143 3279 δὲ
1166 3211 1288 3291 rodrotc
1317 3214 1393 3281 τῶν
1415 3193 1554 3278 (fairly-

460 3357 541 3417 γων
562 3328 741 3414 ἓνιεμὲνων,
762 3329 806 3411 τῷ
827 3329 999 3414 παραδόξῳ
1018 3333 1196 3413 πνοηὲνῆυαι
1222 3329 1262 3399 τὰ
1284 3331 1389 3419 θηρία
1405 3345 1442 3394 'aa
1459 3347 1481 3388 ⁷·
1498 3325 1521 3380 λ·

546 3444 653 3509 Vides
674 3447 782 3528 igitur,
805 3448 938 3512 omissis
951 3447 1014 3513 illis
1030 3451 1142 3515 verbis
1164 3460 1197 3515 et
1217 3453 1300 3517 ulios
1325 3459 1421 3517 tanto
1443 3439 1555 3525 thynno·

463 3585 538 3628 rum
560 3559 770 3624 multimeter
800 3583 899 3645 quam
927 3577 1005 3647 apte
1027 3568 1193 3648 procedat
1215 3573 1334 3640 oratio.
1380 3569 1460 3634 Nurn
1479 3552 1555 3638 igitur

463 3681 628 3746 elicienda
647 3689 725 3744 sunt
745 3699 788 3743 an
810 3679 875 3743 alio
903 3678 1053 3748 sortasse
1076 3683 1291 3770 ableganda?
1334 3687 1485 3756 Minime,
1508 3660 1555 3733 sel

463 3800 560 3869 aliter
580 3800 856 3888 interpungenda.
900 3801 1037 3870 Scilicet
1062 3816 1097 3871 ct
1117 3805 1258 3891 plurima
1286 3819 1320 3874 et
1341 3805 1480 3874 maxima
1499 3781 1553 3853 ³1¹5·

464 3924 563 3988 maiia
584 3923 617 3988 in
630 3923 744 3987 lndico
766 3923 849 3987 mari
872 3923 1026 4009 conspici
1047 3923 1102 3990 ubi
1115 3925 1214 4009 paulo
1226 3947 1331 4011 supra
1349 3922 1431 3991 dixit
1441 3907 1554 3982 Plinius,

464 4041 722 4128 magnitudinem
743 4052 860 4124 nostro
882 4040 960 4106 loco
981 4041 1149 4109 luculenta
1175 4046 1402 4130 descriptione
1425 4026 1554 4105 exorati

465 4158 704 4222 multitudinem
733 4158 840 4221 obiter
868 4161 915 4221 ita
942 4161 1066 4245 tangit,
1096 4173 1133 4226 ut
1158 4163 1358 4248 thynnorum
1379 4171 1495 4249 greges
1512 4134 1554 4226 ‘lm'

463 4273 542 4338 alibi
564 4275 785 4354 reperiantur,
800 4293 930 4357 aequos
945 4273 1019 4339 fere
1042 4297 1121 4342 esse
1141 4283 1318 4348 concedat.
1344 4282 1399 4347 Ad
1418 4293 1484 4343 rem
1502 4253 1555 4347 qui·

463 4395 539 4459 dem
552 4389 642 4477 quod
657 4390 788 4467 attinet,
809 4401 922 4454 notum
946 4402 1000 4455 est
1021 4404 1054 4457 et
1075 4394 1108 4456 iu
1124 4394 1279 4480 Bosporo
1300 4373 1462 4484 ingentem
1478 4383 1553 4465 thyn-

337 4525 342 4536 '
463 4531 581 4581 uorum
596 4508 729 4594 copiam
741 4508 920 4593 quotannis
933 4511 1075 4594 reperiri
1093 4510 1154 4596 (cf.
1169 4513 1255 4581 iulra
1268 4517 1441 4606 §.disum
1450 4502 1553 4580 Athen·
