3567 5559
426 705 469 778 76
880 709 970 774 Liber
995 709 1087 774 XIX.

428 905 575 972 Straclsio
595 905 736 972 refutata
757 912 839 972 sunt.
883 905 927 972 ut
949 907 1095 973 Strackio
1118 906 1247 994 quidem
1271 907 1400 973 omnino
1422 925 1520 971 assen-

427 1023 490 1088 tior
510 1043 584 1088 oum
615 1024 695 1088 isin
722 1029 761 1088 tis
782 1029 890 1104 quitur
926 1029 1002 1101 (seu
1023 1025 1130 1110 potius
1153 1030 1237 1103 quis)
1273 1025 1423 1090 mutavit:
1454 1023 1520 1087 illud

427 1139 583 1226 improbo,
601 1140 686 1226 quod
709 1142 863 1206 vocimoa
886 1141 1001 1207 audaci
1024 1141 1207 1206 coniectura
1230 1141 1364 1205 alteram
1386 1148 1435 1205 lex
1457 1139 1521 1204 snb·

428 1256 539 1321 stituit.
582 1256 664 1321 Toto
693 1258 777 1322 enim
808 1259 879 1323 loco
903 1259 1025 1322 Plinius
1045 1257 1239 1342 Vespasiani
1268 1278 1436 1322 censuram
1462 1256 1522 1320 lan·

428 1372 529 1453 davit,
557 1392 622 1458 qua
654 1376 862 1439 constitutum
890 1373 1018 1438 videtur
1045 1393 1117 1438 essa
1138 1381 1174 1438 nt
1203 1374 1310 1439 levato
1333 1375 1385 1440 vel
1407 1374 1522 1438 sublato

428 1488 569 1553 edulium
589 1491 738 1576 vectigali
761 1490 818 1575 (oi.
832 1491 1027 1577 Marquardt.
1042 1491 1140 1576 antiq.
1162 1490 1221 1554 ΙΙΙ.
1236 1491 1256 1557 2
1271 1513 1302 1576 p.
1313 1492 1393 1573 208)
1412 1497 1523 1556 certum

427 1605 588 1692 quoddam
620 1609 775 1673 tributum
807 1609 907 1673 asoli
940 1607 1178 1693 possessoribus
1214 1597 1416 1694 exigeretur,
1443 1605 1525 1698 quod

428 1725 522 1809 quale
553 1723 650 1790 fuerit
679 1732 711 1791 et
745 1746 808 1813 quo
839 1745 942 1812 usque
979 1725 1190 1810 permanserit
1222 1725 1420 1810 ignoramus.
1459 1724 1524 1789 Hoc

316 1879 330 1908 ι
429 1841 514 1906 enim
535 1841 653 1908 tributo
681 1843 830 1908 effectum
853 1850 903 1907 est
916 1818 920 1827 Ι
935 1848 970 1905 ut
993 1861 1034 1905 ea
1054 1842 1168 1926 pensio
1197 1862 1280 1926 quae
1303 1863 1477 1928 pauperum
1496 1841 1524 1903 in

427 1960 562 2025 macello
603 1960 708 2026 luerat
739 1960 780 2025 ab
815 1959 854 2024 iis
882 1960 1077 2045 exigieretur
1109 1960 1142 2023 in
1176 1979 1309 2054 quorum
1340 1960 1425 2046 agris
1446 1959 1525 2024 olera

412 2077 554 2142 'macelli
593 2078 806 2162 provenirent.
862 2077 996 2159 ,Tutius‘
1040 2076 1124 2140 enim
1167 2083 1234 2140 tum
1276 2097 1393 2142 census
1435 2075 1523 2140 habc-

427 2191 537 2272 batur,
560 2212 630 2257 cum
653 2195 695 2275 ,in
717 2194 785 2258 solo
807 2196 953 2280 sponsor‘
975 2198 1077 2276 esset,
1106 2194 1240 2275 ,minore
1267 2194 1417 2258 fortunae
1442 2192 1524 2270 iure‘,

428 2328 500 2372 cnm
524 2330 589 2373 non
618 2313 739 2376 incerta
766 2288 971 2397 navigatione
1004 2311 1061 2375 sed
1091 2311 1279 2396 ‚superficie‘
1308 2311 1541 2386 contineretiu,'

335 2397 347 2415 ⁴
427 2426 684 2510 ‚quaestuosius‘,
711 2448 783 2491 cum
814 2449 925 2493 eorum
953 2427 1083 2512 ,reditus
1107 2427 1166 2492 sub
1189 2427 1253 2492 dio‘
1280 2429 1300 2495 i.
1324 2448 1352 2493 e.
1374 2429 1476 2515 pelam
1495 2429 1524 2488 et
1607 2401 1608 2408 ἵ

428 2548 515 2608 certo
538 2523 708 2612 constaret.
752 2544 842 2619 Quae
864 2567 962 2632 quum
992 2546 1098 2610 omnia
1120 2545 1162 2609 ad
1194 2566 1325 2610 censum
1346 2545 1522 2622 referantur,

378 2692 380 2697 v
425 2659 481 2725 illa
502 2681 628 2747 quoque
656 2682 739 2747 qnae
770 2661 877 2747 plebei
903 2661 1098 2748 promittitur
1120 2662 1298 2748 aequalitas
1330 2662 1372 2727 ad
1401 2679 1522 2728 censum

427 2785 574 2865 spectare
595 2779 739 2864 putanda
763 2785 821 2844 est.
864 2778 1053 2844 Perfioietur
1079 2753 1176 2865 igitur
1208 2781 1303 2845 huius
1334 2780 1398 2845 loci
1423 2797 1523 2844 amen·

360 2903 363 2907 ’
426 2896 514 2962 (latio
543 2916 564 2960 a
591 2896 713 2982 Silligio
742 2903 774 2963 et
806 2896 952 2962 Straclrio
980 2896 1149 2978 inchoata,
1172 2919 1251 2973 ‚cum
1271 2898 1370 2964 verbo
1393 2898 1523 2976 aequato

426 3033 519 3078 sunm
544 3013 723 3080 subiectum
746 3013 927 3080 reddiderit
946 3021 978 3078 et
999 3015 1182 3100 scripseris:
1342 3005 1344 3010 ’

358 3119 363 3124 ’
466 3151 538 3224 moa¹
559 3137 635 3196 enim
657 3152 793 3197 census
814 3138 958 3211 aequabit
976 3132 1033 3206 rel.

871 3294 921 3367 58
937 3314 976 3346 =
990 3293 1087 3378 4,19,
1208 3377 1210 3382 ,

343 3331 407 3401 394
475 3419 580 3497 Horti
605 3421 762 3497 maxime
804 3420 1023 3521 placebant,
1065 3420 1151 3520 quia
1176 3429 1431 3521 nonegerent
1454 3417 1523 3520 igni

408 3579 412 3585 ¹
476 3546 525 3608 -ὲ
549 3593 595 3608 -
624 3553 723 3629 unde
751 3560 787 3629 et
813 3553 973 3630 acetaria
999 3551 1254 3653 appellantur,
1295 3553 1418 3630 facilia
1443 3573 1523 3630 con·

457 3685 589 3788 *coqui
627 3708 697 3763 neo
728 3691 924 3763 oneratura
963 3707 1113 3762 sensum
1159 3685 1242 3764 cibo
1271 3691 1308 3762 et
1345 3709 1441 3786 quae
1464 3681 1523 3760 mi-

474 3819 572 3896 nime
615 3819 865 3897 accenderent
904 3816 1130 3894 desiderium
1170 3819 1287 3917 panis.
1341 3816 1433 3895 Pars
1467 3837 1523 3894 eo·
1604 3869 1605 3882 t

477 3975 557 4027 rum
583 3950 646 4027 rel.
904 3985 906 3988 ·
1393 4037 1400 4051 ‚

528 4080 567 4144 In
613 4057 703 4146 initio
745 4101 859 4147 vocem
901 4085 982 4146 torti
1024 4080 1207 4166 genetivum
1250 4098 1322 4144 essa
1366 4079 1521 4146 Strackins

426 4203 513 4276 recte
556 4197 796 4280 animadvertit,
841 4205 982 4265 ceterum
1023 4204 1151 4284 praeter
1190 4197 1417 4262 necessitatem
1459 4200 1521 4277 quia

425 4317 459 4379 in
480 4332 556 4393 quae
575 4315 724 4397 mutavit,
768 4335 867 4400 quum
893 4316 947 4380 ille
974 4316 1141 4400 genetivus
1165 4312 1206 4378 ad
1233 4335 1263 4378 v.
1286 4321 1406 4397 cauas,
1448 4331 1521 4399 quaa
1603 4357 1604 4396 p

425 4433 458 4496 in
481 4429 645 4516 superiore
666 4449 764 4495 sensu
796 4432 929 4518 legitur,
957 4432 1122 4497 referatur.
1166 4429 1303 4496 Gravius
1324 4430 1474 4496 mendum
1493 4429 1520 4492 in

425 4549 489 4613 fine
519 4547 697 4613 sententiae
724 4548 765 4613 ab
796 4569 860 4612 uno
891 4550 1042 4614 Pintiano
1072 4547 1308 4634 deprehensum
1344 4523 1404 4614 est
1446 4543 1520 4613 Fieri

425 4666 509 4729 enim
529 4684 595 4728 non
615 4663 730 4748 potuit,
759 4670 796 4727 nt
816 4682 836 4728 a
856 4663 949 4746 panis
971 4662 1128 4736 desiderio
1149 4664 1246 4749 prisci
1268 4665 1407 4731 Romani
1428 4683 1539 4732 cave·
