3567 5559
623 599 726 676 Hier
746 602 858 673 VIII.
1257 605 1315 676 141

188 787 291 874 quod
318 786 425 854 catuli
455 785 651 871 pantheram
674 800 775 855 extra.
792 788 991 856 solitudines
1011 787 1066 855 vel
1085 789 1119 854 in
1141 789 1317 875 quemlibet

187 905 311 972 locum
324 906 581 984 comitabantur,
599 907 768 992 sed'quod
788 905 863 971 Iera
882 908 958 988 ipsa
976 906 1112 971 deserta
1128 907 1318 994 relinquere

187 1027 362 1091 audebat.
396 1023 512 1108 ltaque
533 1020 663 1087 catulos
685 1032 824 1088 matrem
847 1014 958 1089 statim
980 1027 1139 1110 prosequi
1161 1025 1319 1110 coepisse

188 1141 383 1227 participio
407 1141 589 1219 iudicatur,
615 1139 783 1206 bominem
804 1151 916 1208 autem
937 1160 958 1205 a
981 1140 1146 1227 panthera
1167 1144 1200 1208 in
1222 1143 1320 1210 habi-

190 1271 293 1324 tutas
316 1277 452 1344 quoque
474 1257 631 1342 regiones
654 1257 832 1322 deductum
845 1277 924 1324 csse
943 1259 1209 1344 interpunctione
1229 1260 1319 1328 hunc

190 1377 230 1442 in
255 1377 396 1441 modum
418 1387 574 1441 correcta
597 1373 805 1441 declaratur:

242 1497 371 1560 exeruit
392 1495 517 1560 catulos
538 1515 610 1561 eom
627 1506 868 1591 prosequentes,
889 1517 993 1601 upque
1013 1505 1111 1562 extro
1127 1495 1320 1564 solitudines

242 1605 412 1679 deductus
432 1614 521 1679 laeta
542 1621 641 1708 alque
658 1613 825 1701 preliante.

636 1768 734 1844 67:
753 1767 813 1866 18,
830 1767 893 1844 26.
1337 1799 1401 1867 175

252 1945 391 1998 omues
436 1929 559 1996 autem
598 1920 784 2021 (cameli)
818 1919 1063 2016 iumentorum
1108 1920 1320 1996 ministeriis

251 2059 590 2158 dorsofuuguntur
611 2069 721 2158 atque
743 2056 852 2134 etium
874 2056 1083 2157 equitatu
1103 2057 1142 2132 in
1156 2057 1321 2158 proeliis.

288 2208 483 2275 mecurio
508 2230 528 2275 e
552 2207 711 2273 librorum
734 2207 819 2274 mss.
843 2206 988 2273 lectione
1015 2209 1051 2272 r'u
1075 2207 1125 2273 lu'u
1146 2207 1244 2272 terris
1270 2208 1323 2274 uel

202 2332 242 2392 iu
262 2331 305 2392 iis
325 2329 435 2392 terris
446 2327 553 2394 Soliui
567 2329 644 2395 luco
661 2328 755 2395 cll).
765 2331 848 2394 usu's
862 2329 999 2416 egregie
1012 2329 1198 2398 Salmasius
1209 2329 1323 2417 pltat.

206 2448 334 2514 effecit.
377 2449 468 2512 lrlem
491 2450 590 2513 etiam
609 2471 642 2513 v.
664 2451 812 2544 equitatu
833 2461 1025 2534 corruptam
1048 2471 1129 2516 esse
1149 2448 1323 2516 intellexit.
1454 2439 1462 2460 ⁸

208 2566 339 2632 Cameli
361 2569 450 2631 enim
470 2568 620 2654 equitatu
634 2567 733 2651 luugi
762 2589 828 2634 nou
857 2582 1020 2656 possunt,
1047 2589 1146 2654 quum
1170 2591 1237 2635 uon
1258 2571 1324 2652 ipsi

209 2690 308 2774 equis
328 2688 509 2752 insideant
559 2687 755 2774 Fungentur
775 2685 957 2754 ministeriu
981 2689 1070 2773 quod
1092 2688 1176 2751 alias
1198 2687 1324 2771 equita·

209 2817 263 2870 tue
296 2815 463 2889 praestat.
517 2805 635 2890 Neque
665 2817 776 2869 tamen
803 2825 891 2889 opus
919 2814 972 2868 eut
1000 2814 1036 2866 ut
1060 2823 1134 2866 cum
1158 2802 1325 2868 Salurasio

209 2925 313 2986 uicem
334 2922 501 3016 eqraitatru
520 2919 684 3006 legamus.
730 2921 816 2994 Qum
839 2921 926 2984 enim
949 2919 1108 2984 ineod.rl
1130 2918 1329 3013 equitatum

210 3042 242 3103 iu
264 3040 298 3104 R
319 3041 506 3132 equitatum
533 3039 566 3102 in
587 3052 614 3104 θ
644 3039 809 3132 eptituou
830 3036 1036 3120 reperiatur,
1062 3045 1206 3120 apparet
1227 3035 1326 3104 flnem

212 3157 371 3226 vocabuli
393 3159 427 3222 iu
449 3157 634 3244 archetypo
655 3177 809 3221 mancum
829 3154 947 3221 luisse.
995 3154 1181 3232 Genitivum
1203 3156 1327 3242 requiri

214 3277 429 3342 manifestum
452 3286 515 3354 est,
537 3294 635 3361 quem
648 3272 835 3338 Salmasius
854 3271 1018 3366 equitatur
1039 3268 1145 3336 luisse
1168 3273 1327 3352 coniecit3

216 3395 334 3461 melius
354 3393 503 3459 tortasse
526 3411 546 3456 e
569 3391 643 3456 cod.
661 3388 695 3454 R
715 3388 919 3484 equitatuum
940 3388 1140 3456 restituetur.

647 3541 805 3616 79:21
836 3543 898 3618 33.

264 3681 445 3759 lniiciunt
470 3681 536 3756 has
568 3679 793 3782 (mustelae)
810 3602 992 3754 ,cavernis
1020 3679 1329 3782 (basiliscorum)
1344 3575 1409 3642 1⁷6

269 3818 379 3893 facile
401 3812 559 3918 cognitis
581 3813 650 3887 soli
674 3814 779 3905 tabe;
803 3823 937 3886 necant
958 3812 1043 3884 illae
1070 3808 1178 3888 simul
1200 3813 1329 3910 odore,

269 3949 555 4049 moriunturque
581 3957 619 4021 et
639 3957 790 4022 naturae
815 3969 940 4048 pugna
967 3943 1175 4019 conficitur.

301 4101 451 4168 &mum
469 4098 539 4164 loei
559 4107 654 4164 recte
675 4094 824 4180 Silligius
844 4093 1014 4178 explicuit.
1054 4091 1191 4162 Scilicet
1209 4107 1332 4166 moute·

221 4217 274 4286 lac
298 4217 402 4285 simul
428 4224 555 4284 necant
578 4212 755 4278 basilicum
778 4212 969 4297 etquidem
992 4210 1098 4276 odore
1127 4223 1161 4276 et
1186 4233 1331 4284 commo·

222 4340 370 4417 riantur,
402 4357 472 4423 quo
498 4333 592 4400 exitu
614 4331 762 4416 ingenite
789 4329 989 4396 animalibus
1015 4329 1182 4398 inimicitia
1213 4331 1334 4400 linitur.

225 4453 291 4520 Sed
317 4475 424 4543 quau
445 4451 503 4520 tre
529 4449 791 4536 mmpositioue
815 4448 944 4516 inferre
969 4460 1110 4516 conatur
1137 4451 1250 4518 verbis
1271 4450 1335 4518 Pli-

224 4575 330 4643 uiuus
347 4572 553 4644 mentia·
568 4581 722 4652 „neunt
739 4570 847 4640 odoro
867 4569 1118 4656 moriunturque
1138 4563 1215 4644 illu
1235 4565 1335 4638 cnut
1356 4609 1361 4618 ·
