3567 5559
657 712 748 774 site
767 713 938 776 mm
1295 709 1356 779 241

198 905 341 977 verba,
365 911 455 970 reote
475 904 518 976 ad
550 905 752 999 remotorum
784 904 1004 989 exemplorum
1038 924 1182 968 normam
1216 904 1354 986 reduxit,

199 1043 335 1086 unum
366 1022 462 1087 nobis
484 1021 722 1087 emendandum
742 1022 889 1086 relietum
913 1028 973 1102 est,
996 1041 1033 1086 ao
1057 1023 1162 1106 potius
1183 1022 1354 1086 restituen-

200 1140 318 1204 dum.
353 1139 464 1216 Quum
488 1139 572 1203 enim
594 1138 622 1202 B
641 1159 706 1202 non
729 1146 765 1203 ut
780 1138 847 1203 Sili.
869 1135 968 1202 refert
989 1139 1089 1202 semel
1104 1138 1161 1202 sed
1174 1139 1222 1202 bis
1244 1159 1356 1204 vooem

202 1258 303 1340 ‚illa‘
336 1265 465 1321 etanta
478 1279 527 1322 vv.
540 1278 592 1339 ‚ex
607 1236 798 1342 margaritis
820 1263 934 1340 etpost
948 1276 1003 1323 eas
1026 1257 1176 1341 seriptum
1195 1255 1356 1338 exhibeat,

200 1375 396 1460 ,inquam‘
410 1381 518 1439 autem
534 1375 671 1455 omittat,
694 1371 851 1438 scribatur
860 1393 994 1438 neeesse
1013 1379 1077 1438 est:
1100 1379 1152 1437 illa
1173 1394 1212 1438 ex
1233 1395 1355 1452 marpu-

202 1499 307 1575 rr'tis,
339 1499 396 1556 illo
407 1502 467 1568 (so.
475 1491 599 1577 priore)
613 1498 770 1556 severitate
779 1498 858 1556 victo
869 1503 898 1555 et
907 1498 1022 1556 veriore
1035 1498 1177 1556 luxuriae
1198 1495 1354 1573 triumpho.

270 1613 309 1694 ξ.
323 1612 409 1676 ior.
432 1614 503 1675 bino
524 1609 639 1674 oumB
662 1609 840 1674 omittenda
857 1616 915 1673 est.
937 1644 979 1657 -
1002 1608 1080 1683 Quis
1102 1610 1276 1675 consularis
1299 1611 1352 1675 ille
1374 1599 1519 1668 818—19

209 1727 357 1811 tuerit,
379 1727 470 1792 ouius
487 1747 602 1792 nomen
612 1729 639 1811 ξ.
650 1728 690 1793 18
705 1728 738 1791 in
760 1748 837 1790 onos
851 1725 985 1791 desiisse
997 1727 1174 1812 putandum
1197 1735 1247 1792 est
1264 1732 1355 1812 (nam

212 1869 341 1914 annos
366 1853 418 1914 est
437 1844 539 1925 inB)
566 1845 627 1910 etsi
649 1843 773 1910 definiri
794 1845 920 1930 nequit,
957 1843 991 1911 id
1012 1851 1121 1910 tamen
1153 1851 1275 1910 eertum
1305 1854 1356 1909 est

214 1985 351 2052 neque
372 1963 411 2027 L.
433 1963 575 2026 Annium
611 1982 671 2027 neo
703 1964 737 2028 T.
762 1963 888 2027 Arrium
922 1961 1039 2045 inisse,
1072 1961 1112 2026 de
1148 1961 1263 2048 quibus
1286 1961 1354 2030 Sili.

216 2083 410 2170 cogitavit,
430 2101 503 2146 oum
525 2086 657 2167 uterque
679 2079 801 2154 Neroni
822 2087 987 2166 superstes
1009 2079 1113 2148 fuerit.
1141 2079 1293 2144 Fortasse
1315 2079 1355 2144 de

217 2201 381 2271 Servilio
403 2197 551 2264 Noniano
572 2197 713 2285 loquitur
733 2199 863 2261 Plinius.
886 2199 915 2281 §.
937 2199 977 2265 19
991 2205 1109 2262 servari
1128 2198 1240 2262 oumB
1262 2199 1354 2266 omit·

220 2320 380 2394 tendum
402 2323 464 2404 est
489 2317 518 2400 ξ.
529 2316 571 2384 21
588 2316 658 2395 Iani
679 2314 832 2382 iudicium
852 2314 964 2400 probo,
987 2336 1059 2383 oum
1078 2338 1106 2383 v.
1128 2322 1159 2380 in
1179 2317 1213 2380 in
1234 2316 1261 2380 B
1283 2317 1354 2383 loeo

221 2444 334 2503 mota
361 2453 434 2497 esse
461 2431 618 2498 rideatur.
663 2431 758 2509 Quod
779 2440 888 2496 autem
915 2433 968 2498 ille
1004 2454 1075 2498 oum
1106 2433 1228 2520 Silligio
1263 2435 1290 2518 ἓ.
1313 2434 1354 2502 22

224 2575 259 2618 v.
297 2557 443 2616 maculae
470 2557 544 2614 ante
568 2556 698 2630 pinques
729 2550 853 2633 omisit,
888 2551 1008 2617 oodiois
1041 2553 1151 2637 optimi
1183 2553 1354 2618 lectionem

227 2672 328 2736 male
371 2667 494 2749 retulit,
529 2688 604 2732 nam
643 2668 670 2732 is
703 2667 787 2732 idem
820 2668 906 2754 quod
935 2668 1047 2754 reliqui
1083 2669 1274 2734 vocabulum
1297 2691 1352 2736 ex·

227 2782 343 2854 hibet.
388 2786 415 2869 §-
437 2786 478 2855 24
511 2806 594 2871 quae
617 2805 636 2848 a
657 2784 684 2848 B
708 2787 896 2851 omittuntur
920 2805 1017 2850 voees
1053 2785 1154 2870 ,iuxta
1181 2792 1351 2872 gemmam‘

227 2913 267 2971 et
290 2903 403 2990 ,regis‘
436 2902 562 2990 legibus
595 2903 674 2968 artis
702 2912 831 2970 nostrae
861 2903 1154 2990 obtemperabimus
1187 2925 1259 2970 oum
1292 2927 1351 2972 nos

228 3040 371 3110 quoque
393 3039 625 3108 expungemus.

524 3161 572 3233 25
598 3189 632 3220 =
658 3162 729 3246 2,9.
780 3156 848 3247 (de
876 3155 1088 3256 crystallo).
1370 3159 1433 3228 820

288 3288 456 3368 Sudines
482 3294 595 3387 negat
614 3287 684 3364 nisi
710 3289 758 3365 ad
783 3289 974 3366 meridiem
989 3293 1241 3391 spectantibus
1259 3292 1350 3373 locis

289 3422 406 3513 nasei,
435 3422 537 3521 quod
564 3429 703 3500 eertum
730 3427 805 3515 est3
832 3445 907 3501 non
934 3425 1112 3525 reperitur
1137 3426 1174 3500 in
1200 3428 1351 3528 aquosis

289 3555 387 3633 locis
413 3551 479 3633 rel.

283 3687 380 3771 Iuba,
401 3685 782 3770 Booohus,Xenoorstes‚
805 3687 943 3753 Sudines
965 3711 1047 3775 quae
1069 3690 1109 3754 de
1124 3691 1272 3778 crystallo
1286 3698 1355 3771 traf
1467 3685 1473 3700 ’

237 3806 403 3888 diderant,
428 3824 468 3869 ea
479 3805 602 3870 Plinius
625 3805 671 3869 sie
686 3805 784 3869 refert
805 3812 841 3869 ut
862 3813 968 3870 utrum
991 3826 1067 3872 vera
1089 3808 1152 3872 sint
1173 3827 1232 3873 nee
1255 3829 1296 3873 ne
1317 3809 1352 3883 in

237 3923 351 3990 medio
372 3923 542 4010 relinquat,
570 3922 657 4008 quod
680 3923 820 3987 omnium
843 3943 1003 3988 consensu
1025 3929 1173 3989 oonstare
1194 3925 1350 4010 rideatur,

239 4068 262 4110 a
283 4042 443 4129 prioribus
468 4041 640 4105 discernat.
674 4039 786 4128 Itaque
808 4042 853 4106 ita
874 4042 975 4108 oratio
998 4041 1253 4128 interpungenda
1275 4045 1349 4109 erit:

285 4201 323 4211 —
347 4167 441 4226 noso.
486 4163 574 4236 osor
593 4169 705 4223 cetum
727 4172 780 4238 est,
802 4179 863 4225 non
884 4167 1036 4241 reperitur
1057 4161 1113 4226 rel.

517 4281 784 4368 30‚31=2‚11.
814 4277 884 4372 (de
912 4279 1077 4374 sueino).
1370 4277 1430 4346 821

293 4455 339 4470 -
366 4411 404 4487 in
430 4410 568 4487 sucinis
604 4432 752 4488 oausam
779 4433 825 4487 ne
862 4412 1018 4489 deliciae
1052 4410 1201 4512 quidem
1228 4413 1351 4490 adhue

294 4543 511 4643 excogitare
536 4550 755 4642 potuerunt;
782 4545 933 4625 occasio
962 4554 1019 4624 est
1047 4546 1216 4624 vanitatis
1238 4545 1351 4624 Grae-

294 4701 422 4756 eorom
456 4677 703 4776 detegendae.
754 4677 942 4778 [regentes
967 4680 1079 4758 modo
1120 4703 1240 4781 aequo
1270 4706 1351 4783 per-

1101 4812 1143 4880 16
