3567 5559
682 731 774 793 liber
795 727 932 790 XXXV.
1298 723 1380 836 227!

332 921 401 988 Nili
421 942 538 1009 aquam
559 923 704 990 mannas
725 919 970 988 dissimillimam
988 939 1061 988 asse
1077 918 1147 1008 quis
1166 924 1290 988 nescit?
1311 924 1361 988 Ac

238 1037 347 1125 Nigri
360 1039 489 1124 quidem
509 1047 659 1106 naturam
679 1040 816 1105 eandem
837 1059 934 1126 qnam
946 1038 1011 1104 Nili
1032 1059 1106 1104 esse
1117 1037 1241 1105 Plinius
1262 1037 1301 1105 V.
1320 1042 1363 1108 44

240 1141 344 1222 reete
365 1156 513 1241 tradidit,
541 1159 660 1222 flumen
681 1176 757 1228 veru
778 1165 813 1224 st
832 1165 950 1224 natura
972 1163 1006 1221 et
1025 1157 1130 1222 colore
1152 1165 1185 1223 et
1207 1177 1321 1244 sapore
1344 1178 1363 1222 a

241 1276 335 1340 mari
358 1274 520 1340 &versum
543 1295 617 1341 esse
637 1277 787 1362 ignorare
808 1295 873 1340 non
895 1275 1009 1361 potuit.
1032 1273 1160 1343 Scilicet
1173 1275 1363 1361 hicquoque

242 1393 471 1478 importunam
501 1394 701 1476 grammatici
730 1393 934 1461 sedulitatem
957 1391 1154 1480 deprehendi
1186 1394 1278 1478 lieet,
1310 1394 1385 1480 qui·

245 1516 355 1596 quum
378 1530 509 1576 causam
537 1531 594 1576 cur
615 1511 793 1576 crocodilus
815 1530 835 1573 a
856 1511 978 1596 pictore
1009 1510 1138 1576 additus
1160 1517 1262 1596 essct,
1301 1531 1364 1598 quo
1394 1487 1398 1499 Ι

245 1626 436 1693 certissimo
450 1629 542 1722 signo
565 1624 708 1693 locorum
729 1626 932 1714 fluminisque
952 1627 1032 1692 situs
1043 1628 1236 1712 definiretur,
1248 1649 1365 1694 novam

247 1765 311 1832 pro
337 1766 398 1810 suo
420 1746 551 1832 ingenie
572 1746 776 1833 excogitavit.
799 1743 894 1820 Quod
916 1752 1024 1809 autem
1041 1745 1210 1810 verborum
1233 1745 1311 1810 ordo
1333 1747 1366 1810 in

247 1865 348 1929 libris
371 1864 489 1928 nostms
510 1865 557 1930 ita
576 1863 778 1950 pervertitur,
799 1870 836 1928 ut
856 1868 943 1928 onias
964 1868 1088 1928 Nilaca!
1099 1861 1243 1943 aquaevel
1256 1865 1368 1942 apuam

250 1985 415 2069 seriptum
436 1979 588 2064 habeant,
609 1979 730 2048 iactum
752 1988 804 2046 est
824 1987 890 2045 tum
913 2001 986 2045 cum
1003 1980 1114 2068 glossa
1134 1981 1167 2045 in
1189 1980 1367 2046 orationem

251 2101 424 2184 scriptoris
458 2100 663 2186 reciperetur.
706 2099 857 2165 Ueterum
881 2096 985 2163 obiter
1011 2118 1127 2163 moneo
1155 2114 1260 2184 neque
1288 2106 1370 2163 solra

250 2226 316 2284 inte
340 2217 401 2282 sed
420 2224 527 2282 soum
546 2224 607 2282 inte
627 2237 733 2304 neque
754 2223 819 2282 aas
839 2215 898 2280 sed
918 2223 1019 2296 eninr,
1048 2235 1153 2303 neque
1175 2221 1369 2282 crocodillum

253 2337 316 2401 scd
340 2339 547 2418 corcodillum,
569 2355 674 2422 neque
696 2343 916 2416 qainqaanans
938 2334 1243 2421 redecimationem,
1265 2355 1370 2421 neque

256 2457 506 2540 Olptcmneatram
534 2452 593 2519 sed
618 2460 834 2537 Clytemestram
862 2474 923 2518 nec
950 2451 1088 2539 denique
1112 2461 1269 2518 etiamnum
1313 2451 1371 2518 sed

255 2583 412 2642 etiannum
433 2572 490 2652 (ΒΙ
513 2560 642 2637 elianam
665 2571 726 2649 13²)
752 2570 784 2636 in
805 2571 833 2635 B
855 2571 996 2656 reperiri.

368 2689 464 2767 Quod
505 2697 612 2754 autem
652 2691 679 2774 ξ.
704 2691 765 2756 144
804 2688 924 2775 legitur
958 2676 1287 2776 Clytaemnestram
1327 2691 1369 2755 ad
1391 2704 1453 2772 77ss
1535 2701 1538 2708 ’

255 2811 363 2877 verba
378 2809 482 2874 Oreste
494 2818 618 2874 matrem
636 2807 830 2874 retrahenda
852 2825 924 2872 esse
948 2808 1094 2893 arbitror,
1116 2809 1372 2894 Clytaemnestra

261 2932 353 2995 enim
375 2929 446 2993 sols
470 2944 537 2990 non
557 2925 683 2991 videtur
711 2933 821 3011 aptum
843 2927 958 3012 pictori
987 2934 1210 3012 argumentum
1234 2923 1371 2991 dedisse.

261 3049 443 3114 Praeterea
458 3050 579 3109 Pasiam
591 3063 609 3108 e
622 3043 733 3109 cch
754 3044 893 3108 lectione
914 3049 1039 3108 Pactam
1054 3045 1271 3131 recipiendum
1294 3052 1373 3112 erat.
1406 3129 1409 3136 y
1454 3095 1458 3104 .

672 3165 743 3246 1'48
762 3160 807 3236 ’--
820 3169 969 3245 ibidem.
1394 3170 1456 3246 777

313 3347 364 3363 --
390 3310 430 3380 ut
467 3298 621 3380 multum
644 3301 871 3402 manipretiis
904 3301 1144 3379 antecederet
1179 3277 1375 3382 celeberri-

315 3459 401 3515 mos
424 3424 559 3513 'aetate
592 3436 793 3534 imaginum
826 3434 989 3536 pictores
1021 3433 1188 3543 Sopolim
1227 3445 1264 3514 et
1288 3437 1376 3514 [lic-

315 3569 477 3670 nysium.

307 3701 472 3786 ‚equidem
492 3721 558 3767 nan
578 3699 732 3785 intelligo.
767 3699 850 3764 Plin.
873 3719 910 3765 ea
932 3709 1031 3763 aelate
1052 3699 1178 3784 videtur
1200 3700 1376 3785 scripsisee‘

265 3819 445 3905 prudenter
474 3818 540 3885 Sili.
576 3820 750 3883 annotavit
791 3816 915 3881 Plinius
948 3821 1057 3880 autem
1090 3818 1231 3902 scripsit:
1274 3823 1377 3882 eadem

268 3949 379 4020 aetate,
401 3937 488 4023 quod
504 3956 680 4022 pronomen
702 3935 802 4000 habet
822 3933 1073 4018 Bambergensis
1097 3936 1172 4000 totis
1187 3935 1300 4000 litteris
1324 3957 1378 4000 ex·

270 4063 406 4121 aratum.

691 4173 958 4261 150=11‚42.
1093 4139 1095 4146 '
1399 4162 1461 4233 ma

320 4309 405 4387 lloc
431 4329 515 4383 cum
540 4306 677 4396 fecere,
702 4325 777 4382 non
802 4309 957 4402 apparet
981 4301 1018 4375 in
1046 4298 1152 4383 velis.

357 4446 425 4506 Hoc
447 4438 626 4503 subiectum
647 4443 708 4518 eet,
729 4434 869 4500 delenda
883 4439 935 4499 est
956 4434 1053 4518 igitur
1074 4433 1297 4517 interpunctio.

685 4575 758 4649 158
780 4597 828 4638 =
856 4574 975 4660 1246.
1276 4585 1278 4590 '
1402 4577 1464 4646 789

324 4709 365 4786 ln
391 4709 510 4786 sacris
535 4747 577 4762 -
611 4703 783 4782 fictidbus
807 4703 1011 4804 prolibatur
1037 4698 1240 4799 simpuviis.

1127 4833 1167 4898 15
1179 4835 1195 4870 ⁴
