<?xml version="1.0" encoding="UTF-8"?>
<!DOCTYPE html PUBLIC "-//W3C//DTD XHTML 1.0 Transitional//EN"
    "http://www.w3.org/TR/xhtml1/DTD/xhtml1-transitional.dtd">
<html xmlns="http://www.w3.org/1999/xhtml" xml:lang="en" lang="en">
 <head>
  <title>
</title>
<meta http-equiv="Content-Type" content="text/html;charset=utf-8" />
  <meta name='ocr-system' content='tesseract 3.04.00' />
  <meta name='ocr-capabilities' content='ocr_page ocr_carea ocr_par ocr_line ocrx_word'/>
</head>
<body>
  <div class='ocr_page' id='page_1' title='image "./vindiciaeplinia00urligoog_0159.png"; bbox 0 0 3567 5559; ppageno 0'>
   <div class='ocr_carea' id='block_1_1' title="bbox 722 486 1370 560">
    <p class='ocr_par' dir='ltr' id='par_1_1' title="bbox 722 486 1370 560">
     <span class='ocr_line' id='line_1_1' title="bbox 722 486 1370 560; baseline 0.017 -11"><span class='ocrx_word' id='word_1_1' title='bbox 722 486 827 552; x_wconf 65' lang='lat' dir='ltr'><strong>tuter</strong></span> <span class='ocrx_word' id='word_1_2' title='bbox 846 489 912 558; x_wconf 66' lang='lat'><strong>1³2</strong></span> <span class='ocrx_word' id='word_1_3' title='bbox 1311 493 1370 560; x_wconf 81' lang='lat'><strong>151</strong></span> 
     </span>
    </p>
   </div>
   <div class='ocr_carea' id='block_1_2' title="bbox 222 666 1370 879">
    <p class='ocr_par' dir='ltr' id='par_1_2' title="bbox 222 666 1370 879">
     <span class='ocr_line' id='line_1_2' title="bbox 340 666 1370 748; baseline 0.02 -20"><span class='ocrx_word' id='word_1_4' title='bbox 340 666 527 733; x_wconf 79' lang='lat' dir='ltr'><strong>Permirum</strong></span> <span class='ocrx_word' id='word_1_5' title='bbox 548 679 600 736; x_wconf 87' lang='lat' dir='ltr'><strong>est</strong></span> <span class='ocrx_word' id='word_1_6' title='bbox 617 668 727 738; x_wconf 92' lang='lat' dir='ltr'><strong>locum</strong></span> <span class='ocrx_word' id='word_1_7' title='bbox 745 693 812 738; x_wconf 91' lang='lat' dir='ltr'><strong>nou</strong></span> <span class='ocrx_word' id='word_1_8' title='bbox 836 673 1063 740; x_wconf 87' lang='lat' dir='ltr'><strong>difficillimum</strong></span> <span class='ocrx_word' id='word_1_9' title='bbox 1084 679 1247 744; x_wconf 86' lang='lat' dir='ltr'><strong>auemine</strong></span> <span class='ocrx_word' id='word_1_10' title='bbox 1267 680 1370 748; x_wconf 87' lang='lat' dir='ltr'><strong>iuter-</strong></span> 
     </span>
     <span class='ocr_line' id='line_1_3' title="bbox 222 785 1369 879; baseline 0.019 -32"><span class='ocrx_word' id='word_1_11' title='bbox 222 796 385 868; x_wconf 82' lang='lat' dir='ltr'><strong>pretum</strong></span> <span class='ocrx_word' id='word_1_12' title='bbox 421 785 641 874; x_wconf 89' lang='lat' dir='ltr'><strong>intellectum,</strong></span> <span class='ocrx_word' id='word_1_13' title='bbox 679 792 861 877; x_wconf 78' lang='lat' dir='ltr'><strong>pravisque</strong></span> <span class='ocrx_word' id='word_1_14' title='bbox 891 813 913 856; x_wconf 84' lang='lat' dir='ltr'><strong>a</strong></span> <span class='ocrx_word' id='word_1_15' title='bbox 939 793 1136 879; x_wconf 88' lang='lat' dir='ltr'><strong>quibusdam</strong></span> <span class='ocrx_word' id='word_1_16' title='bbox 1167 798 1369 868; x_wconf 84' lang='lat' dir='ltr'><strong>coniecturis</strong></span> 
     </span>
    </p>
   </div>
   <div class='ocr_carea' id='block_1_3' title="bbox 221 905 1483 996">
    <p class='ocr_par' dir='ltr' id='par_1_3' title="bbox 221 905 1483 996">
     <span class='ocr_line' id='line_1_4' title="bbox 221 905 1483 996; baseline 0.011 -26"><span class='ocrx_word' id='word_1_17' title='bbox 221 905 468 970; x_wconf 88' lang='lat' dir='ltr'><strong>sollicitatum</strong></span> <span class='ocrx_word' id='word_1_18' title='bbox 499 928 591 973; x_wconf 86' lang='lat' dir='ltr'><strong>esse.</strong></span> <span class='ocrx_word' id='word_1_19' title='bbox 639 910 723 974; x_wconf 88' lang='lat' dir='ltr'><strong>Nam</strong></span> <span class='ocrx_word' id='word_1_20' title='bbox 745 925 883 996; x_wconf 90' lang='lat' dir='ltr'><strong>praeter</strong></span> <span class='ocrx_word' id='word_1_21' title='bbox 906 913 1093 978; x_wconf 88' lang='lat' dir='ltr'><strong>Gesnerum</strong></span> <span class='ocrx_word' id='word_1_22' title='bbox 1118 912 1199 979; x_wconf 85' lang='lat' dir='ltr'><strong>[list.</strong></span> <span class='ocrx_word' id='word_1_23' title='bbox 1221 918 1318 983; x_wconf 86' lang='lat' dir='ltr'><strong>anim.</strong></span> <span class='ocrx_word' id='word_1_24' title='bbox 1337 921 1368 985; x_wconf 91' lang='grc'><strong>4.</strong></span> <span class='ocrx_word' id='word_1_25' title='bbox 1480 977 1483 984; x_wconf 91' lang='grc'><em>,</em></span> 
     </span>
    </p>
   </div>
   <div class='ocr_carea' id='block_1_4' title="bbox 220 1025 1424 4559">
    <p class='ocr_par' dir='ltr' id='par_1_4' title="bbox 220 1025 1424 4559">
     <span class='ocr_line' id='line_1_5' title="bbox 221 1025 1368 1114; baseline 0.013 -27"><span class='ocrx_word' id='word_1_26' title='bbox 221 1025 314 1089; x_wconf 87' lang='grc'><strong>196.</strong></span> <span class='ocrx_word' id='word_1_27' title='bbox 337 1025 416 1108; x_wconf 73' lang='lat'><strong>724,</strong></span> <span class='ocrx_word' id='word_1_28' title='bbox 437 1027 494 1110; x_wconf 88' lang='lat' dir='ltr'><strong>qui</strong></span> <span class='ocrx_word' id='word_1_29' title='bbox 515 1048 636 1092; x_wconf 88' lang='lat' dir='ltr'><strong>vocem</strong></span> <span class='ocrx_word' id='word_1_30' title='bbox 660 1026 860 1114; x_wconf 72' lang='lat' dir='ltr'><strong>thynnorum</strong></span> <span class='ocrx_word' id='word_1_31' title='bbox 881 1031 954 1094; x_wconf 87' lang='lat' dir='ltr'><strong>sive</strong></span> <span class='ocrx_word' id='word_1_32' title='bbox 969 1029 1063 1094; x_wconf 83' lang='lat' dir='ltr'><strong>Plinii</strong></span> <span class='ocrx_word' id='word_1_33' title='bbox 1085 1030 1158 1096; x_wconf 85' lang='lat' dir='ltr'><strong>sive</strong></span> <span class='ocrx_word' id='word_1_34' title='bbox 1170 1033 1296 1098; x_wconf 88' lang='lat' dir='ltr'><strong>librarii</strong></span> <span class='ocrx_word' id='word_1_35' title='bbox 1317 1057 1368 1102; x_wconf 88' lang='lat' dir='ltr'><strong>cr-</strong></span> 
     </span>
     <span class='ocr_line' id='line_1_6' title="bbox 220 1147 1367 1236; baseline 0.007 -26"><span class='ocrx_word' id='word_1_36' title='bbox 220 1147 311 1210; x_wconf 89' lang='lat' dir='ltr'><strong>rori</strong></span> <span class='ocrx_word' id='word_1_37' title='bbox 339 1147 459 1211; x_wconf 92' lang='lat' dir='ltr'><strong>deberi</strong></span> <span class='ocrx_word' id='word_1_38' title='bbox 480 1149 663 1212; x_wconf 81' lang='lat' dir='ltr'><strong>arbitratus</strong></span> <span class='ocrx_word' id='word_1_39' title='bbox 677 1158 742 1226; x_wconf 80' lang='lat' dir='ltr'><strong>est,</strong></span> <span class='ocrx_word' id='word_1_40' title='bbox 764 1169 863 1214; x_wconf 87' lang='lat' dir='ltr'><strong>nemo</strong></span> <span class='ocrx_word' id='word_1_41' title='bbox 875 1150 1049 1234; x_wconf 89' lang='lat' dir='ltr'><strong>perspexit</strong></span> <span class='ocrx_word' id='word_1_42' title='bbox 1069 1171 1136 1216; x_wconf 89' lang='lat' dir='ltr'><strong>non</strong></span> <span class='ocrx_word' id='word_1_43' title='bbox 1159 1151 1201 1214; x_wconf 93' lang='lat' dir='ltr'><strong>de</strong></span> <span class='ocrx_word' id='word_1_44' title='bbox 1221 1151 1367 1236; x_wconf 85' lang='lat' dir='ltr'><strong>thynnis,</strong></span> 
     </span>
     <span class='ocr_line' id='line_1_7' title="bbox 223 1263 1365 1356; baseline 0.011 -30"><span class='ocrx_word' id='word_1_45' title='bbox 223 1263 305 1326; x_wconf 87' lang='lat' dir='ltr'><strong>sed</strong></span> <span class='ocrx_word' id='word_1_46' title='bbox 333 1264 378 1327; x_wconf 90' lang='lat' dir='ltr'><strong>de</strong></span> <span class='ocrx_word' id='word_1_47' title='bbox 395 1264 545 1356; x_wconf 85' lang='lat' dir='ltr'><strong>balaeuis</strong></span> <span class='ocrx_word' id='word_1_48' title='bbox 568 1285 757 1331; x_wconf 90' lang='lat' dir='ltr'><strong>sermonem</strong></span> <span class='ocrx_word' id='word_1_49' title='bbox 774 1287 861 1332; x_wconf 86' lang='lat' dir='ltr'><strong>esse.</strong></span> <span class='ocrx_word' id='word_1_50' title='bbox 903 1267 1064 1332; x_wconf 83' lang='lat' dir='ltr'><strong>Poterant</strong></span> <span class='ocrx_word' id='word_1_51' title='bbox 1081 1278 1191 1332; x_wconf 88' lang='lat' dir='ltr'><strong>tamen</strong></span> <span class='ocrx_word' id='word_1_52' title='bbox 1203 1269 1365 1338; x_wconf 84' lang='lat' dir='ltr'><strong>vv.1)1).</strong></span> 
     </span>
     <span class='ocr_line' id='line_1_8' title="bbox 220 1381 1396 1470; baseline 0.009 -24"><span class='ocrx_word' id='word_1_53' title='bbox 220 1381 293 1447; x_wconf 85' lang='lat' dir='ltr'><strong>vel</strong></span> <span class='ocrx_word' id='word_1_54' title='bbox 321 1383 400 1467; x_wconf 88' lang='lat' dir='ltr'><strong>ipso</strong></span> <span class='ocrx_word' id='word_1_55' title='bbox 424 1383 519 1449; x_wconf 88' lang='lat' dir='ltr'><strong>Plinii</strong></span> <span class='ocrx_word' id='word_1_56' title='bbox 534 1385 698 1470; x_wconf 64' lang='lat' dir='ltr'><strong>,loquendi</strong></span> <span class='ocrx_word' id='word_1_57' title='bbox 725 1409 789 1453; x_wconf 85' lang='lat' dir='ltr'><strong>usu</strong></span> <span class='ocrx_word' id='word_1_58' title='bbox 818 1388 958 1453; x_wconf 84' lang='lat' dir='ltr'><strong>meliora</strong></span> <span class='ocrx_word' id='word_1_59' title='bbox 984 1388 1109 1452; x_wconf 88' lang='lat' dir='ltr'><strong>duceri.</strong></span> <span class='ocrx_word' id='word_1_60' title='bbox 1153 1388 1250 1462; x_wconf 87' lang='lat' dir='ltr'><strong>Quae</strong></span> <span class='ocrx_word' id='word_1_61' title='bbox 1278 1391 1396 1456; x_wconf 89' lang='lat' dir='ltr'><strong>enim.</strong></span> 
     </span>
     <span class='ocr_line' id='line_1_9' title="bbox 221 1501 1363 1592; baseline 0.007 -28"><span class='ocrx_word' id='word_1_62' title='bbox 221 1501 291 1564; x_wconf 88' lang='lat' dir='ltr'><strong>hic</strong></span> <span class='ocrx_word' id='word_1_63' title='bbox 308 1503 454 1586; x_wconf 83' lang='lat' dir='ltr'><strong>„magni</strong></span> <span class='ocrx_word' id='word_1_64' title='bbox 466 1504 655 1570; x_wconf 76' lang='lat' dir='ltr'><strong>Alexandri</strong></span> <span class='ocrx_word' id='word_1_65' title='bbox 669 1504 817 1571; x_wconf 86' lang='lat' dir='ltr'><strong>classis“</strong></span> <span class='ocrx_word' id='word_1_66' title='bbox 834 1517 988 1584; x_wconf 82' lang='lat' dir='ltr'><strong>vocatur,</strong></span> <span class='ocrx_word' id='word_1_67' title='bbox 1008 1525 1049 1569; x_wconf 92' lang='lat' dir='ltr'><strong>ea</strong></span> <span class='ocrx_word' id='word_1_68' title='bbox 1067 1525 1133 1569; x_wconf 89' lang='lat' dir='ltr'><strong>non</strong></span> <span class='ocrx_word' id='word_1_69' title='bbox 1151 1527 1213 1588; x_wconf 91' lang='lat' dir='ltr'><strong>pro</strong></span> <span class='ocrx_word' id='word_1_70' title='bbox 1229 1507 1363 1592; x_wconf 90' lang='lat' dir='ltr'><strong>quibus·</strong></span> 
     </span>
     <span class='ocr_line' id='line_1_10' title="bbox 222 1619 1363 1710; baseline 0.01 -28"><span class='ocrx_word' id='word_1_71' title='bbox 222 1619 322 1684; x_wconf 85' lang='lat' dir='ltr'><strong>libet</strong></span> <span class='ocrx_word' id='word_1_72' title='bbox 346 1620 574 1685; x_wconf 83' lang='lat' dir='ltr'><strong>Macedonum</strong></span> <span class='ocrx_word' id='word_1_73' title='bbox 595 1624 739 1706; x_wconf 80' lang='lat' dir='ltr'><strong>navigiis</strong></span> <span class='ocrx_word' id='word_1_74' title='bbox 764 1622 922 1688; x_wconf 91' lang='lat' dir='ltr'><strong>habenda</strong></span> <span class='ocrx_word' id='word_1_75' title='bbox 947 1625 1008 1688; x_wconf 87' lang='lat' dir='ltr'><strong>sed</strong></span> <span class='ocrx_word' id='word_1_76' title='bbox 1032 1625 1149 1688; x_wconf 90' lang='lat' dir='ltr'><strong>eadem</strong></span> <span class='ocrx_word' id='word_1_77' title='bbox 1172 1623 1278 1692; x_wconf 84' lang='lat' dir='ltr'><strong>fuisse</strong></span> <span class='ocrx_word' id='word_1_78' title='bbox 1299 1648 1363 1710; x_wconf 88' lang='lat' dir='ltr'><strong>pu·</strong></span> 
     </span>
     <span class='ocr_line' id='line_1_11' title="bbox 225 1739 1402 1826; baseline 0.005 -24"><span class='ocrx_word' id='word_1_79' title='bbox 225 1741 348 1802; x_wconf 86' lang='lat' dir='ltr'><strong>tanda</strong></span> <span class='ocrx_word' id='word_1_80' title='bbox 375 1750 430 1805; x_wconf 89' lang='lat' dir='ltr'><strong>est</strong></span> <span class='ocrx_word' id='word_1_81' title='bbox 451 1761 549 1825; x_wconf 91' lang='lat' dir='ltr'><strong>quam</strong></span> <span class='ocrx_word' id='word_1_82' title='bbox 573 1740 627 1807; x_wconf 90' lang='lat' dir='ltr'><strong>Vl.</strong></span> <span class='ocrx_word' id='word_1_83' title='bbox 642 1739 685 1804; x_wconf 81' lang='grc'><strong>96</strong></span> <span class='ocrx_word' id='word_1_84' title='bbox 701 1761 787 1826; x_wconf 62' lang='lat' dir='ltr'><strong>sqq„</strong></span> <span class='ocrx_word' id='word_1_85' title='bbox 802 1741 876 1818; x_wconf 86' lang='grc'><strong>134,</strong></span> <span class='ocrx_word' id='word_1_86' title='bbox 890 1741 963 1805; x_wconf 88' lang='lat' dir='ltr'><strong>Xll.</strong></span> <span class='ocrx_word' id='word_1_87' title='bbox 976 1740 1027 1806; x_wconf 83' lang='lat'><strong>86.</strong></span> <span class='ocrx_word' id='word_1_88' title='bbox 1050 1740 1211 1825; x_wconf 89' lang='lat' dir='ltr'><strong>appellat,</strong></span> <span class='ocrx_word' id='word_1_89' title='bbox 1233 1744 1363 1814; x_wconf 87' lang='lat' dir='ltr'><strong>scilicet</strong></span> <span class='ocrx_word' id='word_1_90' title='bbox 1383 1763 1402 1790; x_wconf 71' lang='lat'>⁸</span> 
     </span>
     <span class='ocr_line' id='line_1_12' title="bbox 228 1857 1363 1947; baseline 0.005 -27"><span class='ocrx_word' id='word_1_91' title='bbox 228 1878 332 1941; x_wconf 85' lang='lat' dir='ltr'><strong>quae</strong></span> <span class='ocrx_word' id='word_1_92' title='bbox 357 1857 515 1922; x_wconf 82' lang='lat' dir='ltr'><strong>Nearcho</strong></span> <span class='ocrx_word' id='word_1_93' title='bbox 538 1859 626 1922; x_wconf 90' lang='lat' dir='ltr'><strong>duce</strong></span> <span class='ocrx_word' id='word_1_94' title='bbox 650 1861 783 1923; x_wconf 89' lang='lat' dir='ltr'><strong>rubrum</strong></span> <span class='ocrx_word' id='word_1_95' title='bbox 806 1879 899 1923; x_wconf 89' lang='lat' dir='ltr'><strong>mare</strong></span> <span class='ocrx_word' id='word_1_96' title='bbox 924 1858 1125 1942; x_wconf 86' lang='lat' dir='ltr'><strong>exploravit.</strong></span> <span class='ocrx_word' id='word_1_97' title='bbox 1170 1862 1277 1935; x_wconf 87' lang='lat' dir='ltr'><strong>Quam</strong></span> <span class='ocrx_word' id='word_1_98' title='bbox 1299 1863 1363 1947; x_wconf 87' lang='lat' dir='ltr'><strong>hy-</strong></span> 
     </span>
     <span class='ocr_line' id='line_1_13' title="bbox 228 1975 1362 2045; baseline 0.006 -7"><span class='ocrx_word' id='word_1_99' title='bbox 228 1975 311 2039; x_wconf 89' lang='lat' dir='ltr'><strong>dris</strong></span> <span class='ocrx_word' id='word_1_100' title='bbox 329 1977 469 2040; x_wconf 89' lang='lat' dir='ltr'><strong>marinis</strong></span> <span class='ocrx_word' id='word_1_101' title='bbox 484 1978 518 2040; x_wconf 95' lang='lat' dir='ltr'><strong>id</strong></span> <span class='ocrx_word' id='word_1_102' title='bbox 534 1988 587 2042; x_wconf 92' lang='lat' dir='ltr'><strong>est</strong></span> <span class='ocrx_word' id='word_1_103' title='bbox 609 1977 729 2042; x_wconf 89' lang='lat' dir='ltr'><strong>belluis</strong></span> <span class='ocrx_word' id='word_1_104' title='bbox 752 1977 824 2042; x_wconf 91' lang='lat' dir='ltr'><strong>sive</strong></span> <span class='ocrx_word' id='word_1_105' title='bbox 847 1976 998 2040; x_wconf 89' lang='lat' dir='ltr'><strong>balaenis</strong></span> <span class='ocrx_word' id='word_1_106' title='bbox 1020 1977 1167 2040; x_wconf 88' lang='lat' dir='ltr'><strong>territam</strong></span> <span class='ocrx_word' id='word_1_107' title='bbox 1189 1975 1294 2042; x_wconf 84' lang='lat' dir='ltr'><strong>fuisse</strong></span> <span class='ocrx_word' id='word_1_108' title='bbox 1308 1978 1362 2045; x_wconf 90' lang='lat' dir='ltr'><strong>l.l.</strong></span> 
     </span>
     <span class='ocr_line' id='line_1_14' title="bbox 232 2081 1361 2180; baseline 0.006 -22"><span class='ocrx_word' id='word_1_109' title='bbox 232 2096 297 2158; x_wconf 92' lang='lat' dir='ltr'><strong>Vl.</strong></span> <span class='ocrx_word' id='word_1_110' title='bbox 308 2093 366 2158; x_wconf 88' lang='grc'><strong>96.</strong></span> <span class='ocrx_word' id='word_1_111' title='bbox 391 2094 482 2158; x_wconf 89' lang='lat' dir='ltr'><strong>brevi</strong></span> <span class='ocrx_word' id='word_1_112' title='bbox 504 2081 687 2162; x_wconf 83' lang='lat' dir='ltr'><strong>monuerat.</strong></span> <span class='ocrx_word' id='word_1_113' title='bbox 724 2095 882 2159; x_wconf 86' lang='lat' dir='ltr'><strong>Narratio</strong></span> <span class='ocrx_word' id='word_1_114' title='bbox 905 2105 1014 2160; x_wconf 88' lang='lat' dir='ltr'><strong>autem</strong></span> <span class='ocrx_word' id='word_1_115' title='bbox 1036 2115 1122 2180; x_wconf 88' lang='lat' dir='ltr'><strong>quae</strong></span> <span class='ocrx_word' id='word_1_116' title='bbox 1144 2108 1261 2162; x_wconf 88' lang='lat' dir='ltr'><strong>nostro</strong></span> <span class='ocrx_word' id='word_1_117' title='bbox 1281 2098 1361 2166; x_wconf 91' lang='lat' dir='ltr'><strong>locu</strong></span> 
     </span>
     <span class='ocr_line' id='line_1_15' title="bbox 231 2209 1360 2298; baseline 0.004 -20"><span class='ocrx_word' id='word_1_118' title='bbox 231 2214 382 2298; x_wconf 80' lang='lat' dir='ltr'><strong>legitur,</strong></span> <span class='ocrx_word' id='word_1_119' title='bbox 405 2223 472 2275; x_wconf 87' lang='lat' dir='ltr'><strong>tam</strong></span> <span class='ocrx_word' id='word_1_120' title='bbox 494 2213 632 2298; x_wconf 82' lang='lat' dir='ltr'><strong>egregie</strong></span> <span class='ocrx_word' id='word_1_121' title='bbox 654 2233 729 2276; x_wconf 89' lang='lat' dir='ltr'><strong>cum</strong></span> <span class='ocrx_word' id='word_1_122' title='bbox 752 2209 825 2276; x_wconf 88' lang='lat' dir='ltr'><strong>aliis</strong></span> <span class='ocrx_word' id='word_1_123' title='bbox 847 2211 986 2276; x_wconf 86' lang='lat' dir='ltr'><strong>aliorum</strong></span> <span class='ocrx_word' id='word_1_124' title='bbox 1009 2213 1209 2297; x_wconf 85' lang='lat' dir='ltr'><strong>scriptorum</strong></span> <span class='ocrx_word' id='word_1_125' title='bbox 1233 2215 1360 2282; x_wconf 88' lang='lat' dir='ltr'><strong>descri-</strong></span> 
     </span>
     <span class='ocr_line' id='line_1_16' title="bbox 235 2333 1359 2417; baseline 0.004 -21"><span class='ocrx_word' id='word_1_126' title='bbox 235 2336 416 2417; x_wconf 88' lang='lat' dir='ltr'><strong>ptionibus</strong></span> <span class='ocrx_word' id='word_1_127' title='bbox 437 2335 627 2416; x_wconf 86' lang='lat' dir='ltr'><strong>conspirat,</strong></span> <span class='ocrx_word' id='word_1_128' title='bbox 654 2345 691 2398; x_wconf 86' lang='lat' dir='ltr'><strong>ut</strong></span> <span class='ocrx_word' id='word_1_129' title='bbox 711 2334 785 2398; x_wconf 85' lang='lat' dir='ltr'><strong>sine</strong></span> <span class='ocrx_word' id='word_1_130' title='bbox 808 2333 907 2397; x_wconf 91' lang='lat' dir='ltr'><strong>dubio</strong></span> <span class='ocrx_word' id='word_1_131' title='bbox 931 2355 973 2398; x_wconf 90' lang='lat' dir='ltr'><strong>ex</strong></span> <span class='ocrx_word' id='word_1_132' title='bbox 993 2334 1077 2417; x_wconf 86' lang='lat' dir='ltr'><strong>ipsis</strong></span> <span class='ocrx_word' id='word_1_133' title='bbox 1098 2333 1246 2398; x_wconf 83' lang='lat' dir='ltr'><strong>Nearchi</strong></span> <span class='ocrx_word' id='word_1_134' title='bbox 1269 2356 1359 2400; x_wconf 88' lang='lat' dir='ltr'><strong>eom·</strong></span> 
     </span>
     <span class='ocr_line' id='line_1_17' title="bbox 234 2449 1358 2536; baseline 0.004 -21"><span class='ocrx_word' id='word_1_135' title='bbox 234 2453 418 2516; x_wconf 85' lang='lat' dir='ltr'><strong>mentariis</strong></span> <span class='ocrx_word' id='word_1_136' title='bbox 438 2455 541 2535; x_wconf 89' lang='lat' dir='ltr'><strong>petitu</strong></span> <span class='ocrx_word' id='word_1_137' title='bbox 564 2472 643 2516; x_wconf 84' lang='lat' dir='ltr'><strong>esse</strong></span> <span class='ocrx_word' id='word_1_138' title='bbox 660 2452 824 2515; x_wconf 87' lang='lat' dir='ltr'><strong>videatur.</strong></span> <span class='ocrx_word' id='word_1_139' title='bbox 862 2449 913 2516; x_wconf 84' lang='lat' dir='ltr'><strong>cf.</strong></span> <span class='ocrx_word' id='word_1_140' title='bbox 932 2450 1079 2516; x_wconf 83' lang='lat' dir='ltr'><strong>Nearchi</strong></span> <span class='ocrx_word' id='word_1_141' title='bbox 1101 2451 1218 2536; x_wconf 84' lang='lat' dir='ltr'><strong>fragm.</strong></span> <span class='ocrx_word' id='word_1_142' title='bbox 1231 2452 1282 2516; x_wconf 74' lang='lat'><strong>25.</strong></span> <span class='ocrx_word' id='word_1_143' title='bbox 1304 2455 1358 2520; x_wconf 87' lang='lat' dir='ltr'><strong>ed.</strong></span> 
     </span>
     <span class='ocr_line' id='line_1_18' title="bbox 234 2569 1359 2654; baseline -0.001 -19"><span class='ocrx_word' id='word_1_144' title='bbox 234 2571 357 2637; x_wconf 89' lang='lat' dir='ltr'><strong>Geier.</strong></span> <span class='ocrx_word' id='word_1_145' title='bbox 384 2571 495 2654; x_wconf 89' lang='lat' dir='ltr'><strong>(apud</strong></span> <span class='ocrx_word' id='word_1_146' title='bbox 515 2569 696 2634; x_wconf 83' lang='lat' dir='ltr'><strong>Arrianum</strong></span> <span class='ocrx_word' id='word_1_147' title='bbox 712 2570 782 2634; x_wconf 90' lang='lat' dir='ltr'><strong>lud.</strong></span> <span class='ocrx_word' id='word_1_148' title='bbox 803 2589 832 2635; x_wconf 89' lang='lat' dir='ltr'><strong>c.</strong></span> <span class='ocrx_word' id='word_1_149' title='bbox 846 2569 1026 2653; x_wconf 78' lang='lat'><strong>30—31),</strong></span> <span class='ocrx_word' id='word_1_150' title='bbox 1051 2569 1145 2636; x_wconf 88' lang='lat' dir='ltr'><strong>Diod.</strong></span> <span class='ocrx_word' id='word_1_151' title='bbox 1167 2570 1270 2638; x_wconf 80' lang='lat' dir='ltr'><strong>xvtt.</strong></span> <span class='ocrx_word' id='word_1_152' title='bbox 1286 2569 1359 2652; x_wconf 88' lang='grc'><strong>106,</strong></span> 
     </span>
     <span class='ocr_line' id='line_1_19' title="bbox 236 2687 1358 2773; baseline 0.002 -19"><span class='ocrx_word' id='word_1_153' title='bbox 236 2687 381 2755; x_wconf 85' lang='lat' dir='ltr'><strong>Curtius</strong></span> <span class='ocrx_word' id='word_1_154' title='bbox 391 2689 433 2755; x_wconf 90' lang='lat' dir='ltr'><strong>X.</strong></span> <span class='ocrx_word' id='word_1_155' title='bbox 445 2690 474 2756; x_wconf 74' lang='grc'><strong>2.</strong></span> <span class='ocrx_word' id='word_1_156' title='bbox 517 2689 560 2752; x_wconf 89' lang='lat' dir='ltr'><strong>Et</strong></span> <span class='ocrx_word' id='word_1_157' title='bbox 581 2689 719 2772; x_wconf 90' lang='lat' dir='ltr'><strong>primum</strong></span> <span class='ocrx_word' id='word_1_158' title='bbox 740 2691 873 2773; x_wconf 90' lang='lat' dir='ltr'><strong>quidem</strong></span> <span class='ocrx_word' id='word_1_159' title='bbox 897 2691 985 2773; x_wconf 91' lang='lat' dir='ltr'><strong>quod</strong></span> <span class='ocrx_word' id='word_1_160' title='bbox 1008 2690 1052 2752; x_wconf 89' lang='lat' dir='ltr'><strong>ad</strong></span> <span class='ocrx_word' id='word_1_161' title='bbox 1075 2709 1207 2772; x_wconf 81' lang='lat' dir='ltr'><strong>pugnae</strong></span> <span class='ocrx_word' id='word_1_162' title='bbox 1227 2688 1358 2756; x_wconf 83' lang='lat' dir='ltr'><strong>navalis</strong></span> 
     </span>
     <span class='ocr_line' id='line_1_20' title="bbox 234 2807 1424 2893; baseline 0.001 -20"><span class='ocrx_word' id='word_1_163' title='bbox 234 2811 350 2875; x_wconf 85' lang='lat' dir='ltr'><strong>instar</strong></span> <span class='ocrx_word' id='word_1_164' title='bbox 377 2830 499 2893; x_wconf 85' lang='lat' dir='ltr'><strong>proras</strong></span> <span class='ocrx_word' id='word_1_165' title='bbox 525 2820 643 2872; x_wconf 87' lang='lat' dir='ltr'><strong>contra</strong></span> <span class='ocrx_word' id='word_1_166' title='bbox 666 2809 826 2874; x_wconf 88' lang='lat' dir='ltr'><strong>balaenas</strong></span> <span class='ocrx_word' id='word_1_167' title='bbox 853 2810 1019 2873; x_wconf 79' lang='lat' dir='ltr'><strong>direxisse</strong></span> <span class='ocrx_word' id='word_1_168' title='bbox 1047 2807 1262 2890; x_wconf 88' lang='lat' dir='ltr'><strong>perhibentur</strong></span> <span class='ocrx_word' id='word_1_169' title='bbox 1287 2807 1359 2874; x_wconf 89' lang='lat' dir='ltr'><strong>Ma·</strong></span> <span class='ocrx_word' id='word_1_170' title='bbox 1417 2830 1424 2835; x_wconf 89' lang='lat'>·</span> 
     </span>
     <span class='ocr_line' id='line_1_21' title="bbox 237 2923 1359 3011; baseline 0.002 -19"><span class='ocrx_word' id='word_1_171' title='bbox 237 2930 408 3011; x_wconf 74' lang='lat' dir='ltr'><strong>curiones,</strong></span> <span class='ocrx_word' id='word_1_172' title='bbox 428 2928 461 2992; x_wconf 92' lang='lat' dir='ltr'><strong>id</strong></span> <span class='ocrx_word' id='word_1_173' title='bbox 475 2928 528 2994; x_wconf 90' lang='lat' dir='ltr'><strong>bis</strong></span> <span class='ocrx_word' id='word_1_174' title='bbox 539 2929 672 2992; x_wconf 85' lang='lat' dir='ltr'><strong>Arriani</strong></span> <span class='ocrx_word' id='word_1_175' title='bbox 692 2928 806 2992; x_wconf 88' lang='lat' dir='ltr'><strong>verbis</strong></span> <span class='ocrx_word' id='word_1_176' title='bbox 818 2926 958 3008; x_wconf 86' lang='lat' dir='ltr'><strong>exprimi</strong></span> <span class='ocrx_word' id='word_1_177' title='bbox 980 2923 1192 2990; x_wconf 77' lang='lat' dir='ltr'><strong>manifestum</strong></span> <span class='ocrx_word' id='word_1_178' title='bbox 1212 2939 1280 2991; x_wconf 81' lang='lat' dir='ltr'><strong>est:</strong></span> <span class='ocrx_word' id='word_1_179' title='bbox 1302 2924 1359 2994; x_wconf 76' lang='lat' dir='ltr'><strong>nul</strong></span> 
     </span>
     <span class='ocr_line' id='line_1_22' title="bbox 238 3040 1358 3132; baseline -0.002 -20"><span class='ocrx_word' id='word_1_180' title='bbox 238 3047 318 3123; x_wconf 62' lang='grc' dir='ltr'><strong>καθ’</strong></span> <span class='ocrx_word' id='word_1_181' title='bbox 343 3043 497 3124; x_wconf 65' lang='grc' dir='ltr'><strong><em>οὕστινας</em></strong></span> <span class='ocrx_word' id='word_1_182' title='bbox 522 3045 714 3132; x_wconf 71' lang='grc' dir='ltr'>παραπλέων</span> <span class='ocrx_word' id='word_1_183' title='bbox 741 3044 866 3130; x_wconf 71' lang='grc' dir='ltr'><strong><em>ἐγένετο</em></strong></span> <span class='ocrx_word' id='word_1_184' title='bbox 890 3041 930 3127; x_wconf 80' lang='grc' dir='ltr'><strong>(ὁ</strong></span> <span class='ocrx_word' id='word_1_185' title='bbox 948 3040 1133 3127; x_wconf 74' lang='grc' dir='ltr'><strong><em>Νέαρχος),</em></strong></span> <span class='ocrx_word' id='word_1_186' title='bbox 1163 3044 1195 3120; x_wconf 82' lang='grc' dir='ltr'><strong>ἒς</strong></span> <span class='ocrx_word' id='word_1_187' title='bbox 1214 3042 1358 3129; x_wconf 60' lang='grc' dir='ltr'><strong><em>μέτωπον</em></strong></span> 
     </span>
     <span class='ocr_line' id='line_1_23' title="bbox 240 3159 1358 3248; baseline -0.002 -18"><span class='ocrx_word' id='word_1_188' title='bbox 240 3195 273 3230; x_wconf 84' lang='lat' dir='ltr'><strong>re</strong></span> <span class='ocrx_word' id='word_1_189' title='bbox 295 3166 452 3232; x_wconf 62' lang='grc' dir='ltr'><strong><em>κελεῦσαι</em></strong></span> <span class='ocrx_word' id='word_1_190' title='bbox 471 3165 677 3246; x_wconf 68' lang='grc' dir='ltr'><strong><em>καταστῆσαι</em></strong></span> <span class='ocrx_word' id='word_1_191' title='bbox 699 3162 744 3239; x_wconf 76' lang='grc' dir='ltr'><strong>ὡς</strong></span> <span class='ocrx_word' id='word_1_192' title='bbox 770 3159 818 3229; x_wconf 68' lang='grc' dir='ltr'><strong>ἐπὶ</strong></span> <span class='ocrx_word' id='word_1_193' title='bbox 841 3159 1034 3248; x_wconf 77' lang='grc' dir='ltr'><strong><em>ναυμαχίαν</em></strong></span> <span class='ocrx_word' id='word_1_194' title='bbox 1055 3159 1113 3239; x_wconf 71' lang='grc' dir='ltr'><strong>τὰς</strong></span> <span class='ocrx_word' id='word_1_195' title='bbox 1133 3161 1218 3238; x_wconf 75' lang='grc' dir='ltr'><strong><em>νέας.</em></strong></span> <span class='ocrx_word' id='word_1_196' title='bbox 1262 3163 1358 3236; x_wconf 78' lang='lat' dir='ltr'><strong>Quae</strong></span> 
     </span>
     <span class='ocr_line' id='line_1_24' title="bbox 241 3279 1358 3368; baseline 0 -22"><span class='ocrx_word' id='word_1_197' title='bbox 241 3305 325 3350; x_wconf 91' lang='lat' dir='ltr'><strong>vero</strong></span> <span class='ocrx_word' id='word_1_198' title='bbox 349 3297 534 3368; x_wconf 88' lang='lat' dir='ltr'><strong>sequuntur</strong></span> <span class='ocrx_word' id='word_1_199' title='bbox 566 3284 665 3346; x_wconf 84' lang='lat' dir='ltr'><strong>aliter</strong></span> <span class='ocrx_word' id='word_1_200' title='bbox 685 3281 807 3368; x_wconf 79' lang='lat' dir='ltr'><strong>sparsio</strong></span> <span class='ocrx_word' id='word_1_201' title='bbox 827 3303 894 3342; x_wconf 84' lang='lat' dir='ltr'><strong>non</strong></span> <span class='ocrx_word' id='word_1_202' title='bbox 914 3290 987 3346; x_wconf 84' lang='lat' dir='ltr'><strong>erat</strong></span> <span class='ocrx_word' id='word_1_203' title='bbox 1015 3279 1154 3344; x_wconf 85' lang='lat' dir='ltr'><strong>euadere</strong></span> <span class='ocrx_word' id='word_1_204' title='bbox 1180 3281 1245 3344; x_wconf 88' lang='lat' dir='ltr'><strong>iam</strong></span> <span class='ocrx_word' id='word_1_205' title='bbox 1271 3280 1358 3346; x_wconf 87' lang='lat' dir='ltr'><strong>llar-</strong></span> 
     </span>
     <span class='ocr_line' id='line_1_25' title="bbox 241 3397 1359 3496; baseline 0 -30"><span class='ocrx_word' id='word_1_206' title='bbox 241 3405 365 3468; x_wconf 89' lang='lat' dir='ltr'><strong>duinus</strong></span> <span class='ocrx_word' id='word_1_207' title='bbox 394 3414 486 3466; x_wconf 89' lang='lat' dir='ltr'><strong>recte</strong></span> <span class='ocrx_word' id='word_1_208' title='bbox 516 3400 683 3486; x_wconf 81' lang='lat' dir='ltr'><strong>explicuit.</strong></span> <span class='ocrx_word' id='word_1_209' title='bbox 738 3397 876 3464; x_wconf 89' lang='lat' dir='ltr'><strong>Scilicet</strong></span> <span class='ocrx_word' id='word_1_210' title='bbox 906 3401 938 3464; x_wconf 93' lang='lat' dir='ltr'><strong>in</strong></span> <span class='ocrx_word' id='word_1_211' title='bbox 960 3399 1077 3465; x_wconf 87' lang='lat' dir='ltr'><strong>itinere</strong></span> <span class='ocrx_word' id='word_1_212' title='bbox 1102 3402 1359 3496; x_wconf 82' lang='lat' dir='ltr'><strong>sparsi,prout</strong></span> 
     </span>
     <span class='ocr_line' id='line_1_26' title="bbox 241 3517 1357 3605; baseline 0 -19"><span class='ocrx_word' id='word_1_213' title='bbox 241 3522 393 3588; x_wconf 87' lang='lat' dir='ltr'><strong>velorum</strong></span> <span class='ocrx_word' id='word_1_214' title='bbox 416 3541 650 3605; x_wconf 86' lang='lat' dir='ltr'><strong>remorumque</strong></span> <span class='ocrx_word' id='word_1_215' title='bbox 664 3518 828 3584; x_wconf 89' lang='lat' dir='ltr'><strong>velocitas</strong></span> <span class='ocrx_word' id='word_1_216' title='bbox 841 3517 984 3597; x_wconf 87' lang='lat' dir='ltr'><strong>ferebat,</strong></span> <span class='ocrx_word' id='word_1_217' title='bbox 1005 3521 1217 3604; x_wconf 86' lang='lat' dir='ltr'><strong>navigabant.</strong></span> <span class='ocrx_word' id='word_1_218' title='bbox 1248 3522 1357 3595; x_wconf 88' lang='lat' dir='ltr'><strong>Quum</strong></span> 
     </span>
     <span class='ocr_line' id='line_1_27' title="bbox 241 3636 1357 3717; baseline -0.001 -12"><span class='ocrx_word' id='word_1_219' title='bbox 241 3661 326 3706; x_wconf 88' lang='lat' dir='ltr'><strong>vero</strong></span> <span class='ocrx_word' id='word_1_220' title='bbox 342 3641 459 3705; x_wconf 92' lang='lat' dir='ltr'><strong>urdine</strong></span> <span class='ocrx_word' id='word_1_221' title='bbox 475 3637 584 3703; x_wconf 84' lang='lat' dir='ltr'><strong>soluto</strong></span> <span class='ocrx_word' id='word_1_222' title='bbox 601 3636 718 3706; x_wconf 87' lang='lat' dir='ltr'><strong>belluis</strong></span> <span class='ocrx_word' id='word_1_223' title='bbox 731 3640 890 3702; x_wconf 85' lang='lat' dir='ltr'><strong>resistere</strong></span> <span class='ocrx_word' id='word_1_224' title='bbox 907 3659 973 3717; x_wconf 86' lang='lat' dir='ltr'><strong>non</strong></span> <span class='ocrx_word' id='word_1_225' title='bbox 988 3638 1148 3716; x_wconf 83' lang='lat' dir='ltr'><strong>valerent,</strong></span> <span class='ocrx_word' id='word_1_226' title='bbox 1168 3638 1357 3705; x_wconf 90' lang='lat' dir='ltr'><strong>aNearchu</strong></span> 
     </span>
     <span class='ocr_line' id='line_1_28' title="bbox 242 3757 1357 3843; baseline 0.002 -23"><span class='ocrx_word' id='word_1_227' title='bbox 242 3759 341 3824; x_wconf 91' lang='lat' dir='ltr'><strong>simul</strong></span> <span class='ocrx_word' id='word_1_228' title='bbox 363 3770 399 3822; x_wconf 91' lang='lat' dir='ltr'><strong>et</strong></span> <span class='ocrx_word' id='word_1_229' title='bbox 419 3760 550 3843; x_wconf 84' lang='lat' dir='ltr'><strong>agmine</strong></span> <span class='ocrx_word' id='word_1_230' title='bbox 571 3759 734 3821; x_wconf 87' lang='lat' dir='ltr'><strong>instructo</strong></span> <span class='ocrx_word' id='word_1_231' title='bbox 754 3757 921 3819; x_wconf 88' lang='lat' dir='ltr'><strong>adversus</strong></span> <span class='ocrx_word' id='word_1_232' title='bbox 936 3777 1044 3820; x_wconf 88' lang='lat' dir='ltr'><strong>novus</strong></span> <span class='ocrx_word' id='word_1_233' title='bbox 1060 3757 1178 3820; x_wconf 89' lang='lat' dir='ltr'><strong>hostes</strong></span> <span class='ocrx_word' id='word_1_234' title='bbox 1198 3757 1357 3822; x_wconf 88' lang='lat' dir='ltr'><strong>incedere</strong></span> 
     </span>
     <span class='ocr_line' id='line_1_29' title="bbox 244 3867 1358 3958; baseline -0.001 -17"><span class='ocrx_word' id='word_1_235' title='bbox 244 3880 326 3944; x_wconf 88' lang='lat' dir='ltr'><strong>iussi</strong></span> <span class='ocrx_word' id='word_1_236' title='bbox 345 3888 435 3944; x_wconf 89' lang='lat' dir='ltr'><strong>sunt.</strong></span> <span class='ocrx_word' id='word_1_237' title='bbox 480 3879 579 3952; x_wconf 87' lang='lat' dir='ltr'><strong>Quod</strong></span> <span class='ocrx_word' id='word_1_238' title='bbox 601 3878 715 3942; x_wconf 85' lang='lat' dir='ltr'><strong>verbis</strong></span> <span class='ocrx_word' id='word_1_239' title='bbox 736 3875 871 3938; x_wconf 84' lang='lat' dir='ltr'><strong>Arriani</strong></span> <span class='ocrx_word' id='word_1_240' title='bbox 892 3873 969 3949; x_wconf 56' lang='grc' dir='ltr'><strong>καθ’</strong></span> <span class='ocrx_word' id='word_1_241' title='bbox 995 3867 1147 3948; x_wconf 68' lang='grc' dir='ltr'><strong><em>οὕστινας</em></strong></span> <span class='ocrx_word' id='word_1_242' title='bbox 1167 3874 1358 3958; x_wconf 72' lang='grc' dir='ltr'><strong><em>παραπλέων</em></strong></span> 
     </span>
     <span class='ocr_line' id='line_1_30' title="bbox 245 3991 1358 4082; baseline 0.001 -23"><span class='ocrx_word' id='word_1_243' title='bbox 245 3997 380 4082; x_wconf 72' lang='grc' dir='ltr'><strong><em>ἐγέναο,</em></strong></span> <span class='ocrx_word' id='word_1_244' title='bbox 403 3998 559 4062; x_wconf 88' lang='lat' dir='ltr'><strong>disertius</strong></span> <span class='ocrx_word' id='word_1_245' title='bbox 577 3997 676 4060; x_wconf 91' lang='lat' dir='ltr'><strong>ctiam</strong></span> <span class='ocrx_word' id='word_1_246' title='bbox 693 3995 734 4058; x_wconf 90' lang='lat' dir='ltr'><strong>iis</strong></span> <span class='ocrx_word' id='word_1_247' title='bbox 754 3992 932 4068; x_wconf 83' lang='lat' dir='ltr'><strong>indicatur,</strong></span> <span class='ocrx_word' id='word_1_248' title='bbox 956 3992 1074 4077; x_wconf 86' lang='lat' dir='ltr'><strong>quibus</strong></span> <span class='ocrx_word' id='word_1_249' title='bbox 1095 3991 1271 4057; x_wconf 87' lang='lat' dir='ltr'><strong>Nearchus</strong></span> <span class='ocrx_word' id='word_1_250' title='bbox 1292 3994 1358 4060; x_wconf 86' lang='lat' dir='ltr'><strong>ius·</strong></span> 
     </span>
     <span class='ocr_line' id='line_1_31' title="bbox 244 4109 1357 4197; baseline 0 -15"><span class='ocrx_word' id='word_1_251' title='bbox 244 4119 332 4184; x_wconf 76' lang='lat' dir='ltr'><strong>sisse</strong></span> <span class='ocrx_word' id='word_1_252' title='bbox 348 4117 490 4182; x_wconf 81' lang='lat' dir='ltr'><strong>traditur</strong></span> <span class='ocrx_word' id='word_1_253' title='bbox 517 4113 575 4182; x_wconf 81' lang='lat' dir='ltr'><strong>xul</strong></span> <span class='ocrx_word' id='word_1_254' title='bbox 593 4112 854 4192; x_wconf 61' lang='grc' dir='ltr'><strong><em>ἐπαλαλάζοντας</em></strong></span> <span class='ocrx_word' id='word_1_255' title='bbox 876 4111 978 4196; x_wconf 77' lang='grc' dir='ltr'>ὁμοῦ</span> <span class='ocrx_word' id='word_1_256' title='bbox 998 4111 1048 4195; x_wconf 53' lang='grc' dir='ltr'><strong>«ᾤ’</strong></span> <span class='ocrx_word' id='word_1_257' title='bbox 1068 4109 1185 4197; x_wconf 59' lang='grc' dir='ltr'><strong><em>ῥοβῖῳ</em></strong></span> <span class='ocrx_word' id='word_1_258' title='bbox 1207 4111 1357 4196; x_wconf 77' lang='grc' dir='ltr'><strong><em>πυκνήν</em></strong></span> 
     </span>
     <span class='ocr_line' id='line_1_32' title="bbox 246 4225 1358 4319; baseline -0.001 -18"><span class='ocrx_word' id='word_1_259' title='bbox 246 4263 276 4301; x_wconf 83' lang='lat' dir='ltr'><strong>re</strong></span> <span class='ocrx_word' id='word_1_260' title='bbox 295 4233 355 4303; x_wconf 75' lang='lat' dir='ltr'><strong>ml</strong></span> <span class='ocrx_word' id='word_1_261' title='bbox 376 4233 436 4319; x_wconf 75' lang='grc' dir='ltr'><strong>ξὺν</strong></span> <span class='ocrx_word' id='word_1_262' title='bbox 455 4233 564 4318; x_wconf 64' lang='grc' dir='ltr'><strong><em>κτύπῳ</em></strong></span> <span class='ocrx_word' id='word_1_263' title='bbox 586 4231 694 4316; x_wconf 72' lang='grc' dir='ltr'><strong><em>πολλῷ</em></strong></span> <span class='ocrx_word' id='word_1_264' title='bbox 721 4229 777 4311; x_wconf 69' lang='grc' dir='ltr'><strong>τὴν</strong></span> <span class='ocrx_word' id='word_1_265' title='bbox 799 4227 933 4315; x_wconf 75' lang='grc' dir='ltr'><strong><em>εἰρεσίην</em></strong></span> <span class='ocrx_word' id='word_1_266' title='bbox 953 4228 1135 4308; x_wconf 45' lang='lat' dir='ltr'><strong>mordeamur·</strong></span> <span class='ocrx_word' id='word_1_267' title='bbox 1159 4225 1258 4309; x_wconf 66' lang='grc' dir='ltr'><strong><em>οῧνως</em></strong></span> <span class='ocrx_word' id='word_1_268' title='bbox 1279 4232 1358 4300; x_wconf 78' lang='grc' dir='ltr'><strong><em>ἀνα·</em></strong></span> 
     </span>
     <span class='ocr_line' id='line_1_33' title="bbox 246 4348 1359 4442; baseline -0.007 -20"><span class='ocrx_word' id='word_1_269' title='bbox 246 4356 482 4442; x_wconf 58' lang='grc' dir='ltr'><strong><em>ἓαρσήσαννας</em></strong></span> <span class='ocrx_word' id='word_1_270' title='bbox 500 4353 601 4440; x_wconf 83' lang='grc' dir='ltr'><strong>ὁμοῦ</strong></span> <span class='ocrx_word' id='word_1_271' title='bbox 620 4349 659 4433; x_wconf 72' lang='lat' dir='ltr'><strong>th</strong></span> <span class='ocrx_word' id='word_1_272' title='bbox 682 4350 785 4417; x_wconf 71' lang='grc' dir='ltr'><strong><em>πλέειν</em></strong></span> <span class='ocrx_word' id='word_1_273' title='bbox 807 4348 870 4415; x_wconf 76' lang='grc' dir='ltr'><strong>ἀπὸ</strong></span> <span class='ocrx_word' id='word_1_274' title='bbox 895 4349 1109 4435; x_wconf 50' lang='lat' dir='ltr'><strong>§numquam</strong></span> <span class='ocrx_word' id='word_1_275' title='bbox 1130 4350 1246 4435; x_wconf 81' lang='lat' dir='ltr'><strong>Neque</strong></span> <span class='ocrx_word' id='word_1_276' title='bbox 1261 4352 1359 4434; x_wconf 80' lang='lat' dir='ltr'><strong>igitur</strong></span> 
     </span>
     <span class='ocr_line' id='line_1_34' title="bbox 248 4467 1358 4559; baseline -0.007 -23"><span class='ocrx_word' id='word_1_277' title='bbox 248 4477 363 4559; x_wconf 75' lang='lat' dir='ltr'><strong>spissos</strong></span> <span class='ocrx_word' id='word_1_278' title='bbox 392 4493 478 4558; x_wconf 87' lang='lat' dir='ltr'><strong>opus</strong></span> <span class='ocrx_word' id='word_1_279' title='bbox 506 4489 559 4537; x_wconf 87' lang='lat' dir='ltr'><strong>est</strong></span> <span class='ocrx_word' id='word_1_280' title='bbox 588 4483 624 4536; x_wconf 93' lang='lat' dir='ltr'><strong>ut</strong></span> <span class='ocrx_word' id='word_1_281' title='bbox 656 4491 730 4540; x_wconf 89' lang='lat' dir='ltr'><strong>cum</strong></span> <span class='ocrx_word' id='word_1_282' title='bbox 760 4468 833 4534; x_wconf 88' lang='lat' dir='ltr'><strong>viro</strong></span> <span class='ocrx_word' id='word_1_283' title='bbox 864 4468 964 4532; x_wconf 90' lang='lat' dir='ltr'><strong>docto</strong></span> <span class='ocrx_word' id='word_1_284' title='bbox 995 4469 1085 4552; x_wconf 90' lang='lat' dir='ltr'><strong>apud</strong></span> <span class='ocrx_word' id='word_1_285' title='bbox 1107 4467 1358 4548; x_wconf 89' lang='lat' dir='ltr'><strong>Dalecumpium</strong></span> 
     </span>
    </p>
   </div>
   <div class='ocr_carea' id='block_1_5' title="bbox 0 0 1804 5559">
    <p class='ocr_par' dir='ltr' id='par_1_5' title="bbox 0 0 1804 5559">
     <span class='ocr_line' id='line_1_35' title="bbox 0 0 1804 5559; baseline 0 0"><span class='ocrx_word' id='word_1_286' title='bbox 0 0 1804 5559; x_wconf 95' lang='lat' dir='ltr'><strong> </strong></span> 
     </span>
    </p>
   </div>
  </div>
 </body>
</html>
