3567 5559
449 523 493 588 Μ
911 519 1013 587 Liber
1034 522 1097 591 Vl.

448 715 648 782 babuerunt.
686 715 772 783 Nam
797 718 889 804 quod
909 717 1122 784 Dodwellum
1147 689 1302 800 offendit,
1327 721 1465 788 miliaria
1490 745 1559 791 non

449 833 561 900 stadia
584 838 769 916 numerari,
806 837 1005 923 saepissime
1030 847 1064 901 et
1092 835 1181 902 lucili
1211 839 1460 923 computatione
1487 851 1557 907 sta·

450 954 504 1019 dia
535 956 581 1021 ad
609 955 838 1020 Romanorum
878 975 1069 1020 mensuram
1106 957 1254 1042 redegit,
1290 957 1393 1023 veluti
1432 957 1464 1044 §.
1485 958 1554 1024 108.

449 1074 545 1139 sinus
567 1074 696 1138 Persici
724 1074 896 1138 circuitum
918 1068 1022 1147 XXV
1036 1074 1073 1139 M
1094 1096 1127 1159 p.
1154 1094 1234 1141 esse
1256 1094 1299 1138 ex
1323 1074 1554 1143 Eratosthenis

449 1191 687 1278 geographicis
719 1192 859 1257 tradidit.
920 1192 1098 1258 Onesicriti
1131 1201 1242 1255 antem
1270 1192 1433 1278 paraplus
1461 1214 1556 1279 quem

448 1328 470 1374 a
492 1308 579 1372 luba
600 1306 789 1374 confectum
817 1329 897 1373 esse
917 1311 1047 1396 putavit
1061 1307 1205 1373 Geierus
1221 1307 1318 1394 pse.
1347 1331 1458 1396 neque
1481 1312 1554 1378 alibi

449 1438 727 1492 commemoratur
753 1447 864 1513 neque
895 1437 1013 1491 nostro
1039 1425 1117 1490 loco
1143 1427 1319 1492 indicatur.
1366 1429 1446 1494 Tria
1473 1433 1553 1498 enim

447 1559 526 1613 sunt
552 1565 638 1630 quae
660 1565 742 1611 sese
770 1545 1014 1632 descripturum
1042 1565 1122 1610 esse
1146 1547 1305 1630 promittit
1326 1547 1467 1631 Plinius,
1492 1552 1552 1638 pri·

447 1685 532 1729 mum
570 1685 644 1728 eam
671 1664 916 1750 navigationem
950 1684 1048 1749 quam
1074 1663 1285 1744 Onesicritus
1318 1675 1353 1729 et
1378 1665 1551 1734 Nearchus
1617 1709 1618 1730 t

447 1791 694 1870 susceperant,
728 1781 846 1845 deinde
875 1801 949 1846 eam
977 1802 1076 1866 quam
1101 1783 1182 1847 luba
1209 1797 1435 1868 exposuerat,
1461 1799 1552 1872 post·

445 1923 539 1967 remo
566 1921 630 1966 sua
658 1908 769 1963 aetate
795 1911 1013 1986 compertam.
1064 1899 1180 1967 Verbo
1208 1903 1293 1967 euim
1322 1913 1464 1968 scurram
1483 1925 1551 1988 pro
1617 1877 1618 1970 1

445 2020 535 2082 xime
556 2017 601 2081 ita
625 2016 833 2102 explicentur
856 2027 991 2102 oportet
1016 2038 1058 2084 ac
1088 2018 1117 2083 si
1139 2020 1307 2085 diceretur
1334 2021 1488 2101 „deiude
1515 2043 1551 2087 ea
1617 1997 1618 2020 i

444 2139 676 2203 indicabuntur
698 2157 784 2223 quae
809 2158 830 2201 a
852 2137 935 2202 lnba
961 2140 1168 2202 narrantur“
1199 2149 1235 2203 ut
1260 2140 1464 2208 vocabulum
1484 2163 1551 2228 pto·
1617 2155 1618 2178 ¹

444 2257 533 2318 xime
547 2253 741 2332 accurerrit,
765 2260 906 2316 nancta
929 2254 971 2317 ab
995 2252 1144 2318 indicare
1165 2266 1277 2340 aptum
1296 2277 1375 2324 esse
1390 2237 1551 2344 videatur,

443 2393 586 2458 prorsus
613 2371 732 2434 eodem
760 2371 858 2435 modo
886 2391 953 2454 quo
980 2369 1136 2436 XXXIV.
1154 2371 1225 2437 138.
1251 2375 1419 2460 pergitur:
1446 2379 1550 2458 „Pro-

408 2490 412 2497 “
443 2492 529 2556 xime
557 2489 694 2554 indicari
718 2490 841 2554 debent
865 2487 1000 2554 metalla
1025 2487 1156 2571 ferri“,
1181 2490 1226 2557 cf.
1246 2491 1335 2559 XVl.
1352 2494 1389 2572 l,
1413 2495 1551 2580 XXXII,

443 2609 498 2691 56,
512 2606 706 2674 XXXlV.l.
735 2606 865 2681 Quodsi
888 2607 975 2672 enim
993 2630 1061 2673 non
1088 2610 1182 2696 ipsos
1210 2611 1438 2678 Macedonum
1463 2614 1551 2683 clas·

442 2730 492 2795 sis
514 2728 712 2815 praefectos
737 2727 800 2792 sed
817 2726 920 2791 lubae
946 2727 1063 2792 nescio
1083 2748 1182 2812 quem
1209 2727 1386 2815 paraplum
1412 2733 1469 2797 vel
1490 2757 1552 2820 po·

443 2851 508 2916 tius
525 2849 631 2916 libros
649 2849 691 2913 de
704 2845 830 2913 Arabia
852 2847 896 2910 ad
910 2843 947 2913 C.
961 2845 1142 2912 Caesarem
1163 2847 1323 2933 scriptos,
1346 2849 1400 2933 qui
1413 2849 1551 2919 XXXll.

444 2966 736 3052 10.1audantur*),
759 2965 988 3032 consuluisset
998 2965 1138 3047 Plinius,
1164 2967 1219 3050 qui
1241 2967 1374 3031 tandem
1396 2966 1470 3032 fieri
1489 2993 1552 3056 po-

442 3098 529 3152 terat
554 3098 591 3152 ut
612 3085 643 3172 §.
660 3085 729 3148 114.
750 3082 960 3170 Babylonem
986 3087 1028 3150 ab
1054 3084 1235 3171 Euphratis
1261 3086 1348 3169 ostio
1376 3085 1552 3157 ccccxli

440 3205 524 3288 Mp.
551 3203 702 3288 navigari
729 3221 747 3265 e
768 3199 918 3265 Nearchi
941 3211 974 3265 et
989 3201 1168 3268 Onesicriti
1193 3203 1415 3272 voluminibus
1439 3213 1552 3276 trade·

440 3332 502 3399 ret,
528 3318 615 3383 inter
641 3340 702 3384 eos
729 3337 812 3381 vero
836 3318 918 3401 „qui
944 3328 1067 3402 postea
1093 3321 1290 3403 scripsere“
1317 3323 1430 3390 lubem
1444 3331 1552 3395 nomi-

439 3447 548 3514 naret,
577 3437 631 3521 qui
658 3456 678 3501 a
700 3433 876 3522 Babylone
903 3432 1089 3500 Characem
1112 3434 1267 3502 CLXXV
1280 3439 1344 3504 mil.
1361 3465 1395 3527 p.
1421 3447 1550 3514 abesse

438 3555 644 3645 perhiberet,
672 3574 770 3637 quum
787 3551 933 3621 ‚Charax
960 3554 1078 3618 eodem
1106 3565 1246 3620 auctore
1270 3557 1377 3624 Lmil.
1389 3584 1425 3646 p.
1454 3580 1552 3634 esset

437 3697 459 3741 a
469 3673 569 3740 litore
579 3671 628 3760 (§.
641 3670 795 3757 now)
808 3670 862 3738 Ad
873 3680 1005 3756 tempus
1015 3691 1099 3738 sane
1111 3672 1323 3740 indicandum
1337 3698 1406 3743 non
1417 3680 1463 3746 ibi
1476 3695 1550 3748 tan-

437 3806 504 3861 tum
525 3813 610 3860 voce
637 3789 786 3878 proxime
811 3790 913 3857 utitur
936 3789 1077 3872 Plinius,
1104 3794 1162 3857 ubi
1182 3793 1223 3856 de
1246 3793 1379 3862 homine
1399 3797 1550 3886 loquitur

435 3937 534 4002 quem
555 3915 630 4000 ipse
644 3922 798 3991 noverat,
819 3909 919 3978 veluti
938 3912 980 3978 de
993 3911 1085 3978 lunio
1096 3911 1238 3979 Annaeo
1251 3913 1403 3982 Galhone
1416 3919 1548 3990 XXXI.

503 4087 533 4152 ⁸)
565 4088 652 4138 lubae
669 4084 835 4154 fragmentis
853 4085 977 4139 addenda
995 4093 1060 4140 stunt
1083 4100 1154 4154 quae
1181 4084 1243 4137 llll.
1261 4089 1304 4142 52.
1323 4095 1352 4142 et
1368 4093 1412 4142 ot.
1433 4095 1547 4148 tradun-

435 4178 493 4235 tur,
523 4171 665 4240 regionem
686 4169 804 4223 Arabiae
826 4169 973 4223 turiferum
996 4188 1013 4224 a
1036 4172 1127 4238 capite
1151 4173 1229 4241 regni
1251 4172 1355 4228 Sabota
1378 4183 1443 4230 octo
1468 4195 1547 4234 man·

433 4255 569 4320 sionibus,
588 4254 717 4308 Thomna
733 4272 751 4308 s
764 4255 842 4308 Gaas
862 4254 1008 4324 sexaginta
1026 4256 1146 4323 quinque
1163 4259 1353 4312 mansionibus
1371 4265 1545 4318 camelorum

432 4344 544 4398 distare.

501 4444 547 4514 ee)
570 4442 721 4498 Numerum
739 4441 779 4495 ibi
797 4441 926 4507 cmix-V,
946 4459 995 4510 pro
1014 4457 1068 4509 quo
1087 4440 1114 4494 ln
1133 4446 1210 4498 codd.
1220 4447 1291 4501 nne
1309 4448 1415 4518 legitur
1432 4453 1497 4508 llll.
1508 4455 1543 4519 1),

432 4541 590 4605 corruptum
609 4527 743 4599 (fortasse
761 4528 788 4582 in
807 4526 995 4582 ccccblllll'
1012 4528 1188 4601 mumadam)
1206 4547 1268 4586 esse
1285 4543 1408 4603 apparet.
1456 4555 1459 4561 ·
