3567 5559
432 569 495 638 1oe
887 567 989 634 hiber
1011 568 1077 635 VI.

429 755 637 842 Euphratem
656 761 788 840 petens.
813 752 896 821 lude
917 753 1094 840 colligitur,
1114 752 1284 820 vocabula
1304 751 1542 820 aeSeleueium
1625 801 1626 842 ,

430 873 522 940 facili
552 875 698 962 quodem
728 894 847 940 errore
875 875 909 939 in
939 874 1028 938 hunc
1054 873 1200 938 alienum
1225 872 1337 938 locum
1365 875 1541 960 migrasse.

430 994 569 1062 Scilicet
587 1014 687 1080 quun
706 994 740 1058 in
761 993 991 1078 antiquissimo
1012 991 1129 1058 codice
1157 993 1201 1055 ad
1222 993 1316 1076 priua
1341 993 1539 1060 vocabulum

429 1111 613 1180 δεὶιιισίιιιιι
634 1113 669 1176 iu
689 1113 840 1196 margine
865 1121 1060 1176 annotatum
1081 1122 1175 1177 esset
1194 1110 1381 1178 Seleuciam
1400 1112 1539 1200 Babylo·
1625 1135 1626 1146 ¹

429 1234 520 1297 niara
539 1233 605 1316 (ita
624 1232 710 1297 euim
729 1232 1047 1317 cognominabatur,
1070 1229 1395 1320 anputatae),
1418 1234 1539 1297 eccidit
1625 1211 1626 1276 i

427 1361 465 1416 ut
484 1352 542 1437 qui
563 1349 784 1436 archetypum
805 1350 925 1415 librum
945 1351 1091 1436 scripsit,
1115 1351 1167 1418 his
1177 1353 1289 1416 verbis
1301 1352 1333 1414 in
1349 1351 1444 1416 Plinii
1460 1372 1538 1416 ora·
1625 1333 1626 1386 i

428 1471 551 1536 tionem
572 1470 722 1554 receptis
742 1467 883 1534 alterum
908 1469 998 1554 quod
1009 1469 1216 1554 sequebatur
1230 1467 1446 1556 Babyloniam
1463 1492 1537 1536 cum
1625 1471 1626 1474 ’

427 1587 578 1654 Menae
603 1585 823 1653 confunderet
850 1599 952 1673 atque
979 1585 1164 1653 Seleuciam
1198 1607 1378 1672 germanae
1405 1589 1537 1656 lectioni

427 1707 652 1773 substitueret.
697 1707 797 1782 Quod
818 1708 848 1772 si
869 1707 1096 1790 concesseris,
1116 1708 1182 1772 iam
1204 1730 1247 1772 ex
1269 1709 1416 1774 obscura
1436 1706 1536 1774 falsa-

426 1847 492 1911 que
510 1827 695 1911 perspicua
714 1826 866 1892 redditur
886 1825 993 1891 Plinio
1017 1827 1125 1891 oratio
1144 1826 1222 1892 locu
1243 1827 1289 1890 ita
1311 1828 1512 1893 constitutor

470 2021 508 2034 -
532 1980 680 2045 latalralie
701 1979 862 2046 utoulibue
883 1978 1150 2067 Gordyaeorum,
1180 1982 1290 2044 iuter
1314 1975 1537 2045 Seleuciam

467 2109 504 2165 el
539 2091 831 2188 Ctesiphontem
863 2110 1021 2180 uectus,
1057 2102 1146 2164 cirea
1175 2101 1357 2188 Apameam
1387 2102 1537 2166 Mesenae

468 2217 619 2304 oppidum
642 2218 726 2281 eitra
748 2216 932 2282 Seleuciam
953 2215 1092 2284 CXXV
1106 2219 1147 2284 M
1165 2242 1197 2306 p.
1225 2217 1350 2282 diuisus
1369 2220 1406 2282 iu
1427 2220 1537 2286 aloem

466 2333 558 2417 duaa,
580 2334 684 2398 altero
704 2334 874 2398 meridiem
896 2357 935 2400 ae
955 2334 1219 2421 Babyloniam
1237 2340 1320 2424 petit
1339 2338 1401 2403 rel.

346 2555 405 2621 132
830 2538 1120 2615 130=ibidem

475 2692 553 2768 Sed
576 2694 683 2792 longo
706 2699 875 2792 tempore
896 2691 1115 2794 Euphraten
1135 2693 1353 2795 praeclusae
1369 2695 1542 2772 Orcheni

475 2842 519 2906 et
545 2831 693 2907 accolae
722 2854 832 2931 agros
865 2831 1049 2934 rigantes,
1081 2856 1152 2908 uec
1186 2829 1257 2906 nisi
1284 2857 1353 2932 per
1388 2833 1532 2936 Tigrim
1624 2943 1625 2948 Ἰ

473 2967 640 3044 defertur
665 2967 703 3043 in
725 2993 840 3043 mare.
1624 2963 1625 3053 i

507 3136 685 3202 Orchenos
694 3134 900 3217 Chaldaeos,
915 3159 1001 3221 quos
1012 3139 1057 3202 ad
1067 3141 1235 3206 meridiem
1246 3140 1417 3204 habitasse
1424 3140 1453 3228 §.
1462 3139 1535 3204 123.

422 3251 600 3336 retulerat,
620 3254 663 3317 ad
683 3254 856 3317 Persicum
877 3256 985 3321 sinum
1006 3256 1155 3322 collocat
1171 3255 1382 3323 Ptolemaeus
1391 3257 1492 3324 V.19.
1500 3259 1534 3336 9,

421 3371 523 3454 atque
542 3367 598 3432 hic
619 3368 733 3433 iussas
756 3366 829 3432 illas
851 3383 955 3456 atque
977 3374 1151 3438 emissaria
1174 3394 1301 3459 aggere
1315 3375 1440 3440 munita
1453 3395 1533 3440 esse

421 3490 539 3576 quibus
560 3505 671 3574 aquae
681 3486 824 3552 fluminis
838 3488 879 3552 in
900 3490 1247 3570 arvadiducebantur‚
1267 3492 1533 3562 etStreboXVI.

418 3630 451 3691 p.
461 3605 534 3669 741.
556 3617 590 3670 et
611 3624 708 3689 quem
728 3605 937 3688 potissimum
960 3609 1086 3675 Plinius
1105 3613 1266 3698 sequitur,
1287 3612 1377 3678 Mela
1394 3611 1532 3679 111.8.5.

418 3726 637 3791 tradiderunt
677 3723 832 3810 Apparet
852 3727 968 3812 igitur,
996 3731 1085 3816 quod
1106 3730 1172 3796 iam
1192 3732 1276 3815 ipsis
1295 3734 1405 3797 verbis
1430 3734 1533 3798 modo

411 3844 530 3912 'allatis
566 3846 832 3927 demonstratur,
875 3849 1056 3918 Orchenos
1089 3850 1175 3918 illius
1208 3849 1335 3917 laboris
1369 3863 1532 3917 auctores

418 3964 589 4049 perhiberi
614 3987 723 4052 neque
751 3965 849 4032 aliem
871 3982 1021 4056 gentem,
1050 3992 1136 4059 quac
1163 3972 1197 4036 in
1226 3971 1291 4036 hec
1316 3971 1449 4056 quidem
1479 3993 1532 4037 re·

418 4080 519 4163 giorm
545 4082 654 4166 qualis
681 4083 797 4163 fuerit,
825 4088 960 4169 penitus
987 4091 1167 4174 ignoratur.
1224 4090 1367 4156 Accedit
1392 4093 1483 4176 quod
1510 4112 1531 4161 e

417 4197 531 4264 verbis
551 4197 659 4276 Plinii,
679 4201 778 4265 sicuti
799 4222 889 4267 nuuc
906 4204 1074 4290 leguntur,
1097 4209 1245 4275 Orcheni
1264 4212 1307 4275 ab
1326 4207 1531 4275 accolisEu-

418 4316 548 4405 phratis
571 4315 827 4402 distinguuntur,
848 4331 885 4384 ut
908 4324 1075 4407 quomodo
1093 4323 1262 4394 ellumine
1285 4328 1394 4394 aliene
1413 4325 1531 4395 fossas

420 4438 546 4502 ducere
567 4434 745 4517 potuerint,
768 4458 812 4503 uo
832 4436 1034 4522 intelligatur
1052 4441 1196 4527 quidem.
1235 4446 1339 4513 lmmo
1361 4449 1456 4534 ipsos
1474 4469 1530 4514 ac·

419 4554 515 4622 colas
539 4552 647 4622 fuisse
670 4565 930 4624 cousentaneum
949 4571 1017 4627 este
1041 4559 1195 4629 deleatur
1219 4564 1318 4650 igitur
1339 4567 1529 4652 importuna
