3567 5559
694 725 786 786 Liber
806 725 898 787 XIX.
1307 724 1348 792 69

216 922 390 981 mentum
412 916 453 981 de
474 923 614 981 remediis
632 924 819 983 salutaribus
840 919 1015 1004 praecellit,
1048 917 1134 1004 quod
1154 918 1267 982 litteris
1289 939 1347 983 un·

212 1034 378 1098 cialibus
399 1055 483 1099 saec.
506 1033 575 1099 iere
598 1037 733 1123 septimo
756 1037 908 1121 seriptum
930 1035 1118 1100 aSalmasio
1132 1035 1269 1120 primum
1291 1035 1347 1100 ad·

214 1152 397 1233 bibitum,
430 1169 533 1236 nuper
564 1171 583 1214 a
614 1151 736 1238 Silligio
764 1152 826 1220 vol.
851 1151 895 1218 V.
928 1174 959 1237 p.
982 1151 1081 1215 XXII
1109 1157 1258 1216 accurate
1294 1151 1348 1216 de-

215 1269 397 1352 scriptum
418 1267 540 1331 editum
563 1276 621 1332 est.
662 1267 710 1333 llo
734 1275 842 1334 autem
857 1269 963 1354 gravis
987 1257 1058 1332 eius
1078 1268 1250 1333 auctoritas
1274 1289 1348 1333 con·

216 1392 291 1448 stat
317 1384 414 1470 quod
440 1384 484 1449 ad
511 1386 645 1450 alteram
681 1384 826 1451 codicum
847 1385 1067 1449 Plinianorum
1096 1383 1249 1449 familiam
1276 1406 1348 1471 per·

217 1502 325 1583 tinet,
353 1502 446 1565 cuius
459 1502 577 1566 eximia
589 1501 764 1588 specimina
784 1503 817 1565 in
837 1502 938 1566 Monii
959 1503 1165 1587 palimpsesto
1188 1508 1221 1566 et
1240 1503 1274 1566 in
1296 1524 1349 1568 co·

218 1618 300 1682 dice
311 1618 566 1703 Bembergensi'
576 1620 650 1683 etin
672 1619 742 1684 cod.
755 1620 786 1682 A
807 1616 893 1683 et'in
907 1618 953 1681 D²
974 1625 1102 1683 servata
1123 1625 1208 1684 sunt.
1228 1621 1349 1685 Maiore
1419 1685 1422 1692 ,

220 1742 347 1798 tamen
366 1735 517 1799 cautione
539 1756 619 1821 opus
632 1741 691 1818 est,
714 1755 786 1800 cum
808 1742 841 1799 et
862 1735 926 1799 alia
946 1735 1106 1800 interdum
1119 1757 1215 1822 quam
1228 1738 1348 1801 Plinius

221 1855 434 1939 epitomator
454 1858 613 1916 structura
633 1852 803 1917 verborum
816 1858 923 1916 utatur
937 1858 969 1917 et
989 1852 1176 1917 foedissima
1188 1873 1207 1916 a
1219 1853 1348 1918 librario
1457 1863 1460 1874 ’

223 1970 359 2036 menda
368 1969 512 2034 admissa
526 1969 597 2033 sint.
619 1969 734 2056 Itaque
755 1957 816 2033 hoc
838 1957 1017 2054 fragmento
1030 1971 1063 2033 in
1079 1969 1223 2034 lib.XIX
1245 1969 1349 2034 etXX

224 2088 275 2151 ita
297 2087 498 2167 innitemur,
526 2091 562 2149 ut
582 2086 772 2171 gravissima
792 2106 875 2171 quae
896 2086 941 2151 ibi
961 2087 1164 2172 reperiuntur
1185 2087 1263 2151 vitia
1283 2108 1348 2152 non

226 2225 401 2287 curemus,
424 2224 464 2268 ea
485 2209 592 2267 autem
616 2223 699 2288 quae
721 2223 741 2266 a
762 2204 876 2268 ceteris
904 2224 1035 2289 prorsus
1058 2203 1185 2268 diversa
1204 2204 1349 2289 praebet,

227 2322 301 2388 fere
326 2310 546 2408 praeferenda
572 2340 644 2384 esse
665 2321 900 2406 intelligamus,
942 2321 1078 2406 quaein
1100 2319 1349 2386 chrestomathia

230 2461 261 2524 p·
286 2441 357 2508 230
378 2444 532 2523 excerpta
554 2444 628 2501 eunt
651 2437 697 2501 ibi
718 2417 841 2502 tantum
862 2437 1088 2524 respiciamus,
1122 2459 1195 2502 cum
1215 2439 1349 2516 meliora

231 2574 293 2618 nos
319 2553 438 2618 afferre
460 2561 628 2639 putemus,
671 2556 865 2640 quaerela
888 2556 954 2620 Sill.
988 2556 1040 2620 vel
1071 2555 1111 2620 ab
1132 2557 1211 2620 lano
1240 2577 1348 2621 emen-

234 2670 315 2736 data
337 2671 517 2754 rideantur,
539 2679 790 2758 praetereamus.
826 2672 876 2736 Ita
898 2674 926 2757 ξ.
949 2677 968 2738 2
991 2679 1108 2752 aliquos
1129 2678 1215 2736 recte
1237 2693 1257 2736 a
1279 2672 1346 2737 Sill.

235 2789 337 2853 scribi
361 2788 433 2852 cod.
455 2788 501 2851 D²
523 2789 763 2874 comprobatur,
794 2789 913 2855 ibidem
936 2795 965 2872 ξ.
986 2791 1006 2856 3
1034 2794 1174 2854 Marinus
1207 2789 1347 2853 scriben-

237 2903 318 2969 dum
339 2904 444 2970 rideri
465 2905 634 2970 chrestom.
656 2929 687 2991 p.
712 2907 775 2974 230
796 2926 856 2992 ego
879 2906 1051 2988 annotavi,
1093 2925 1258 2970 numerum
1276 2917 1348 2986 post

235 3026 311 3086 XV.
335 3022 488 3116 pulgatae
506 3028 651 3102 proxima
672 3023 745 3088 ideo
766 3024 913 3109 praetuli,
936 3022 1022 3110 quod
1040 3021 1188 3088 Valerius
1204 3023 1347 3088 Marinus

238 3157 267 3201 a.
281 3138 511 3206 DGOOXXII.
532 3159 552 3203 a
572 3139 684 3205 Tacito
706 3139 779 3207 hist.
800 3141 842 3205 11.
863 3141 904 3209 71
926 3146 1210 3228 commemoratur,
1238 3141 1348 3227 itaque

239 3255 425 3340 quindecim
437 3257 529 3320 annis
541 3247 803 3342 postBalbillum,
824 3257 1021 3344 praelectum
1044 3258 1120 3322 anni
1139 3256 1346 3324 DOGOVHI.

239 3370 260 3434 i.
273 3392 301 3436 e.
324 3394 409 3438 anno
418 3372 658 3440 DOOOXXJII.
684 3373 743 3452 (ad
756 3373 1010 3460 Vespasianum)
1033 3377 1066 3440 in
1080 3377 1263 3462 Aegyptum
1275 3395 1348 3461 pro·

241 3486 345 3554 lectus
374 3509 446 3554 esse
467 3471 601 3555 videtur.
632 3491 660 3575 §-
683 3494 821 3558 llanus
844 3512 863 3556 e
886 3491 977 3556 codd.
1000 3512 1017 3557 c
1053 3499 1221 3572 (procellae
1243 3501 1290 3574 ut)
1314 3501 1347 3560 et

242 3609 309 3671 eT
331 3608 354 3671 d
379 3607 462 3672 bene
495 3608 621 3693 scripsit
638 3615 833 3689 procellosae.
876 3610 921 3674 At
943 3611 1005 3694 §.4
1027 3630 1068 3674 ex
1090 3611 1225 3696 Apuleio
1248 3613 1344 3677 corri-

243 3724 348 3806 genda
370 3730 428 3790 est.
450 3723 583 3810 Legitur
603 3725 648 3789 ibi
793 3715 797 3720 ’

709 3833 790 3904 4=
806 3831 823 3904 1
841 3831 873 3904 1.
890 3901 902 3916 f

288 3962 442 4040 herbam
468 3985 553 4040 esse
592 3985 688 4062 quae
715 3888 838 4039 Gades²
875 3961 924 4038 ed
950 3959 1121 4038 Herculis
1155 3958 1345 4040 columnas
1366 4011 1428 4079 332

288 4095 445 4194 septimo
477 4095 537 4172 die
565 4095 704 4174 Ostiam
731 4095 876 4189 efferet3

244 4227 281 4286 ot
301 4229 441 4292 Herculis
462 4233 604 4293 columnis
625 4227 781 4314 Apuleius
802 4226 903 4291 multo
927 4226 1105 4312 elegantius
1127 4225 1234 4291 habet.
1264 4317 1270 4328 ,

698 4395 881 4498 10:13.

291 4525 367 4604 Sed
394 4526 572 4628 Hispania
598 4527 747 4619 citerior
770 4528 881 4605 habet
895 4523 1132 4640 splendorem
1155 4525 1217 4602 lini
1236 4546 1342 4622 prae·
1362 4564 1423 4633 333

287 4663 433 4762 cipuum
457 4660 629 4739 torrentis
656 4661 795 4760 inquo
821 4659 1125 4779 politurunature.
