3567 5559
852 749 943 814 Luca
963 751 1116 816 XXXIV.

838 943 960 1019 ilaue
984 943 1120 1019 ffllll.

489 1111 540 1176 De
562 1111 610 1196 §S
627 1108 760 1191 13-93,
784 1110 1003 1178 140-1411in
1021 1110 1346 1196 chrestomathiaegi‚
1366 1117 1530 1194 praeterea

427 1235 456 1310 ς.
478 1229 521 1297 70
540 1231 639 1296 verba
660 1231 883 1314 ,Harmodium
907 1267 941 1276 -
968 1227 1163 1294 Alexander‘
1196 1227 1306 1292 addito
1329 1227 1458 1292 artificis
1479 1247 1532 1290 no·

426 1349 526 1430 mine,
563 1348 729 1431 ‚Antenor‘
762 1350 790 1434 S.
813 1351 854 1417 72
876 1370 960 1435 pone
983 1371 1010 1411 v.
1040 1348 1217 1432 ,bigasque‘
1253 1345 1426 1410 inserenda
1465 1366 1534 1409 esse

427 1467 502 1532 alibi
517 1468 635 1532 monui.
664 1466 830 1541 Quaedam
855 1473 961 1531 autem
984 1469 1016 1530 in
1036 1466 1151 1553 prioris
1173 1464 1247 1530 edit.
1292 1463 1534 1528 Teubnerianae

427 1586 575 1672 exemplo
597 1585 683 1671 quod
705 1592 882 1650 correctum
915 1585 1020 1670 operis
1043 1583 1267 1650 excudendum
1297 1583 1533 1646 transmiseram

428 1704 600 1768 emendare
619 1703 756 1790 neglexi.
792 1703 822 1786 §.
844 1703 885 1769 82
907 1702 1006 1766 lanus
1027 1703 1145 1765 rectius
1167 1702 1305 1766 fortasse
1329 1704 1532 1780 philippiensis

428 1822 539 1887 ccod.
561 1821 589 1885 B
612 1820 753 1906 scripsit,
791 1840 866 1883 nam
901 1820 986 1906 quod
1010 1821 1036 1904 ξ.
1061 1819 1101 1887 66
1139 1820 1284 1904 copulam
1322 1831 1350 1881 et
1387 1817 1529 1898 restituit,
1602 1897 1603 1902 ἵ

429 1947 541 2004 contra
561 1937 679 2003 codicis
700 1937 925 2002 auctoritatem
947 1938 1068 2003 factum
1091 1945 1150 2001 est.
1602 1909 1603 1926 χ

347 2065 422 2184 747-
776 2079 950 2175 1032ῥ.
979 2073 1047 2164 lde
1074 2085 1196 2152 aeret.

479 2206 651 2282 Proxima
676 2205 757 2282 laus
784 2206 1009 2304 Aeginetico
1037 2206 1120 2294 luit,
1153 2204 1287 2291 [insula
1312 2207 1393 2304 ipsa
1417 2215 1521 2293 aeret

480 2362 550 2414 nec
576 2342 676 2437 quod
704 2339 752 2417 ibi
779 2341 1005 2438 gigneretur,
1047 2338 1113 2414 sed
1143 2338 1371 2415 cilicinarum
1398 2346 1524 2438 tempe-

479 2477 600 2546 ratura
630 2470 831 2548 nobilitata.

513 2610 619 2667 Insula
640 2616 669 2666 et
689 2610 764 2683 ipsa,
788 2625 844 2667 nec
865 2625 917 2667 aes
937 2611 1064 2682 atquem
1087 2610 1141 2666 sed
1162 2605 1267 2689 vulgo,
1290 2612 1387 2667 insula
1410 2612 1472 2685 ipsa
1491 2615 1525 2665 est

362 2741 366 2746 ·
433 2763 470 2774 -
494 2742 549 2785 nec
571 2728 654 2800 quod
674 2727 715 2785 ibi
735 2728 922 2800 placeretur,
944 2729 1000 2784 ced
1024 2725 1075 2798 off.
1098 2735 1297 2801 temperatura
1318 2759 1359 2769 ——
1382 2728 1524 2786 nobilitato

431 2840 539 2906 lanus.
585 2839 721 2904 (lodices
744 2851 851 2907 autem
872 2839 919 2902 ita
940 2839 1079 2904 variant:

462 2965 507 3024 ‘ot
529 2958 602 3043 ipsa
623 2970 642 3021 e
663 2978 723 3021 nec
746 2970 765 3022 e
787 2957 923 3041 gignens
944 2956 974 3020 R

471 3087 502 3138 et
523 3075 595 3160 ipsa
616 3080 745 3138 estnec
769 3080 818 3136 est
839 3073 976 3158 gignens
1000 3073 1028 3137 V

472 3198 504 3256 et
526 3194 598 3276 ipsa
618 3211 679 3254 nec
701 3211 755 3254 aes
778 3191 914 3275 gignens
937 3189 957 3254 d
984 3198 1034 3260 (et
1055 3192 1147 3256 codd.
1172 3193 1327 3268 (telonii).

514 3307 585 3382 Qua
606 3307 757 3370 librorum
788 3307 981 3371 deteriorum
1011 3311 1168 3394 scriptura
1197 3318 1383 3394 comparata
1404 3310 1526 3374 eflicitur

431 3424 514 3488 aeris
537 3445 653 3488 nomen
681 3425 908 3509 interpolatum
931 3435 1081 3512 recteque
1115 3429 1155 3490 ab
1179 3427 1256 3491 lano
1282 3428 1433 3491 omissum
1456 3449 1526 3493 esse.

431 3541 568 3630 Reliqua
590 3541 786 3626 compendiis
810 3541 975 3630 archetypi
997 3545 1080 3607 male
1102 3544 1273 3608 intellectis
1296 3555 1445 3630 corrupta
1464 3567 1527 3610 esse

364 3669 368 3676 '
432 3680 473 3724 ex
488 3660 577 3724 hisce
588 3658 703 3724 codR.
716 3659 830 3722 litteris
842 3649 959 3740 necant
989 3669 1131 3746 apparet.
1176 3661 1266 3736 Quae
1293 3664 1326 3726 in
1354 3663 1382 3726 Β
1411 3665 1526 3750 egregie

376 3803 384 3823 ·-
433 3779 603 3863 explentur
621 3777 733 3841 litteris
748 3783 879 3842 necandi
896 3799 933 3842 ac
945 3779 1167 3850 terminatione
1236 3795 1293 3861 mr,
1315 3783 1365 3844 oui
1389 3803 1478 3868 quum
1498 3783 1524 3845 in

432 3896 626 3958 deteriorum
648 3898 792 3960 codicum
811 3897 985 3981 exemplari
1008 3919 1025 3959 e
1049 3900 1193 3981 proximo
1208 3898 1362 3964 vocabulo
1384 3921 1401 3961 s
1422 3899 1524 3964 adhae-

425 4015 541 4097 sisset,
577 4014 776 4099 participium
809 4014 1015 4080 substitutum
1046 4023 1104 4082 est.
1148 4015 1199 4078 Ad
1221 4015 1364 4080 codicem
1395 4017 1523 4100 igiturB

432 4128 486 4196 hic
510 4147 637 4211 quoque
657 4131 856 4196 redeundum
881 4140 940 4204 est.
984 4130 1021 4195 In
1042 4153 1104 4215 quo
1127 4132 1227 4197 hacce
1248 4135 1414 4219 leguntur:

475 4249 541 4322 ipsa
564 4257 607 4306 est
629 4267 683 4307 nec
705 4254 807 4311 traditi
819 4258 953 4327 staretur
977 4315 987 4334 .
1214 4331 1217 4337 Ι

433 4362 580 4426 Romam
603 4362 689 4426 enim
711 4350 857 4449 scriptori
879 4368 911 4430 id
934 4371 1121 4452 praesertim
1144 4369 1351 4440 memorabile
1362 4369 1519 4450 videbatur,

434 4482 518 4564 quod
541 4479 626 4563 apud
649 4481 825 4565 Aeginetae
860 4503 923 4546 non
953 4486 1057 4550 nuruis
1084 4487 1250 4572 signandis
1278 4507 1334 4550 aes
1362 4486 1518 4551 inservierit

387 4584 390 4589 ¹
434 4596 491 4660 sed
514 4596 659 4662 officinis.
703 4598 815 4683 ltaque
837 4599 869 4663 in
897 4585 1070 4686 arclletypc
1098 4604 1217 4669 codicis
1239 4603 1266 4668 B
1291 4603 1440 4688 scripturn
1463 4615 1517 4670 erat

435 4720 533 4777 insula
555 4721 622 4791 iasa
643 4729 688 4778 est
708 4738 746 4778 ne
768 4721 849 4780 sured
868 4724 910 4782 iti
931 4725 1073 4798 sinuetur,
1097 4722 1143 4786 ita
1165 4729 1200 4786 ut
1222 4742 1304 4810 quae
1325 4721 1443 4786 Plinius
1462 4723 1516 4808 ipse
