3567 5559
452 623 492 689 la
915 618 1016 689 atter
1034 620 1093 689 11.

450 807 531 875 oidit
549 817 588 873 ut
608 806 834 895 olympiadem
854 805 957 873 XLll.
976 815 1133 874 exactam
1152 811 1374 891 computaret,
1394 826 1491 893 quum
1509 805 1552 873 iu·
1612 890 1613 893 Ἴ

450 927 595 1013 cipiente
616 948 659 993 ea
680 926 759 991 anni
780 914 918 992 cmv
940 923 1137 993 efficiantur.
1180 925 1250 991 lam
1270 945 1353 991 vero
1375 920 1452 1010 qma
1472 946 1551 993 anno

448 1047 494 1112 eh
524 1048 609 1113 urhe
636 1046 771 1111 condita
799 1042 932 1113 CXLII.
956 1044 1122 1131 olympias
1148 1042 1250 1109 XLll.
1277 1044 1461 1125 indicator,
1495 1046 1553 1111 Pli-

447 1164 524 1231 nius
545 1174 746 1229 autemnon
766 1172 880 1247 potest
901 1184 969 1228 non
991 1164 1173 1248 scripsisse
1191 1162 1307 1229 LXII
1308 1210 1318 1243 ‚
1347 1172 1487 1249 apparet
1505 1164 1553 1231 vi-

448 1282 527 1347 tium
545 1281 732 1369 archetypo
755 1281 875 1347 codice
895 1281 1062 1367 antiquius
1082 1280 1171 1347 illum
1194 1283 1447 1365 grammaticum
1465 1280 1552 1349 felel-

446 1398 532 1466 lissa
551 1384 647 1467 ouius
667 1421 865 1487 perversam
888 1399 1085 1465 industriam
1116 1399 1215 1465 etiam
1231 1399 1319 1466 alibi
1343 1400 1553 1485 deprehendi.

446 1540 530 1586 mus.
597 1520 724 1587 Plinius
758 1520 845 1585 enim
875 1539 976 1603 quum
1008 1518 1080 1583 eius
1112 1515 1186 1583 fare
1215 1518 1365 1583 auctoris
1399 1538 1480 1585 aera
1509 1522 1554 1588 uti

444 1638 565 1716 soleat,
587 1659 609 1702 a
630 1659 696 1724 quo
717 1658 804 1724 quae
820 1647 948 1716 narrat,
970 1637 1115 1721 accepit,
1135 1636 1181 1699 ita
1199 1647 1236 1701 ut
1244 1636 1299 1701 Xl.
1310 1635 1381 1706 186.
1402 1638 1478 1703 dum
1497 1639 1553 1705 ali·

444 1756 524 1841 quid
543 1755 577 1821 in
597 1756 815 1843 haruspicum
836 1765 910 1821 arte
930 1753 970 1821 ol.
985 1754 1136 1821 CXXVI.
1155 1766 1312 1820 novatum
1330 1757 1432 1821 tradit
1453 1756 1552 1825 Grae-

444 1894 520 1939 cum
550 1875 752 1961 scriptorem
779 1885 917 1943 secutus
949 1892 1028 1939 esse
1056 1874 1225 1959 putandus
1251 1874 1309 1958 sit,
1343 1896 1423 1940 raro
1452 1876 1552 1945 Grae-

443 2014 561 2060 corum
591 2005 745 2082 tempora
777 2017 854 2062 cum
884 1994 1048 2061 Romanis
1081 2002 1263 2084 comparat
1329 1995 1425 2069 Quae
1456 2018 1552 2083 quum

441 2114 606 2180 interdum
627 2116 827 2199 supplerent
846 2114 973 2197 librarii
1000 2123 1100 2200 atque
1123 2115 1156 2179 in
1178 2113 1252 2180 aliis
1280 2134 1412 2199 quoque
1439 2135 1553 2182 narra·

441 2233 587 2298 tionibus
618 2233 691 2297 sive
718 2230 890 2297 consulum
915 2233 1050 2297 nomina
1077 2234 1149 2297 sive
1179 2252 1300 2296 annum
1324 2232 1426 2299 Urbis
1451 2234 1551 2299 adde·

439 2358 534 2427 rent,
564 2346 658 2413 facta
686 2356 741 2412 est
768 2366 893 2431 magna
920 2368 1133 2412 numerorum
1165 2347 1398 2431 nominumque
1420 2359 1553 2432 pertur-

439 2440 541 2533 oauo.
581 2466 631 2530 tta

381 2585 421 2651 ll
564 2625 566 2628 ·
835 2579 1071 2681 §.90:25,
1087 2580 1149 2654 22.

437 2732 538 2821 vulgo
562 2754 583 2801 a
604 2732 756 2819 Cognatii
778 2730 975 2797 coniectura
996 2730 1103 2817 (narr.
1116 2730 1208 2797 obss.
1222 2728 1336 2819 tva.)
1356 2732 1493 2820 legitur:

488 2888 617 2965 Semel
641 2888 762 2964 adhuc
787 2888 896 2963 iubae
919 2885 1064 2987 effigies
1092 2894 1232 2962 mutata
1257 2884 1295 2961 in
1320 2887 1462 2963 hastam
1492 2901 1553 2965 est

487 3025 698 3127 olympiade
723 3024 891 3101 cvlll.
920 3022 1072 3129 [urbis
1095 3048 1209 3100 anno
1237 3024 1509 3129 coetui]

436 3198 536 3264 quum
566 3178 601 3244 in
621 3178 775 3242 omnihus
798 3173 892 3240 libris
918 3175 1106 3258 reperiatur
1133 3171 1401 3242 CCCXCVIH.
1435 3176 1551 3263 Atque

434 3295 482 3361 ita
502 3316 587 3363 sane
607 3294 834 3362 nanciscimur
854 3289 1119 3357 nonavilla.
1149 3290 1196 3355 At
1214 3311 1297 3356 vero
1318 3291 1465 3386 prioram
1486 3315 1552 3361 nu-

433 3434 561 3480 merum
581 3416 614 3480 in
627 3412 673 3479 R¹
687 3414 739 3479 Pd
759 3422 885 3478 tantum
906 3410 1047 3477 inveniri
1068 3408 1241 3474 annotavit
1264 3408 1423 3495 Silligius‚
1445 3432 1552 3497 quum

431 3531 486 3597 R²
507 3530 568 3598 GV
589 3532 697 3620 legat,
733 3554 755 3599 a
790 3541 902 3597 autem
930 3527 1015 3596 liber
1046 3548 1154 3615 acque
1186 3528 1382 3615 spectabilis
1410 3540 1443 3597 et
1470 3531 1553 3599 Col.

432 3653 583 3719 bertinus
615 3654 707 3739 apud
733 3651 956 3727 llarduinum,
990 3668 1087 3735 quem
1113 3650 1134 3715 b
1166 3670 1245 3717 esse
1275 3649 1435 3728 coniolo,
1465 3652 1551 3719 duo-

433 3791 498 3858 que
520 3769 576 3837 alii
602 3783 788 3857 praeterea.
803 3768 876 3836 ctu.
900 3775 934 3833 et
956 3765 1027 3833 Cla.
1057 3789 1077 3834 e
1100 3770 1249 3855 margine
1270 3770 1424 3836 editionis
1449 3771 1552 3839 Basi-

430 3890 560 3959 leeusis
582 3913 613 3960 a.
633 3889 725 3957 1548.
746 3892 790 3956 ab
812 3889 932 3956 eodem
954 3887 1080 3955 laudati
1096 3886 1260 3955 071111.
1298 3888 1396 3975 Atqui
1411 3890 1478 3955 iam
1500 3894 1550 3959 ab

431 4008 507 4075 aliis
530 4010 800 4076 animadversum
828 4020 897 4093 est,
931 4009 999 4076 hac
1019 4011 1095 4095 ipsa
1117 4010 1308 4100 olympiade
1332 4010 1559 4077 Nicomacho·

432 4126 594 4193 archonte
610 4126 679 4212 (Ol.
692 4126 779 4199 clx.
790 4129 840 4215 4.)
852 4128 995 4196 Athenis
1013 4140 1165 4197 cometen
1187 4137 1406 4215 conspectum
1423 4128 1550 4215 fuisse,

430 4243 618 4313 clAristot
629 4246 773 4317 Meteon.
781 4248 805 4316 1.
815 4248 848 4327 7,
870 4256 970 4334 atque
991 4246 1071 4315 nihil
1091 4250 1163 4315 veri
1179 4247 1318 4315 similius
1341 4268 1420 4314 esse
1442 4270 1551 4335 quam

430 4364 472 4431 de
494 4365 614 4432 eodem
637 4367 777 4433 Plinium
793 4366 900 4453 loqui,
921 4388 1020 4453 quum
1038 4369 1239 4452 praesertim
1260 4377 1391 4453 septem
1414 4368 1552 4437 dierum

431 4485 819 4571 spatiumhrevissimum
829 4484 938 4553 fuisse
960 4486 1071 4554 statim
1085 4487 1260 4569 addiderit,
1284 4508 1350 4574 quo
1363 4506 1552 4555 cerneren-

429 4616 484 4672 tur
506 4614 670 4687 oometoe‚
701 4604 903 4675 Aristoteles
923 4618 1036 4675 autem
1056 4605 1186 4675 stellam
1206 4605 1350 4673 Athenis
1370 4626 1433 4693 per
1457 4627 1550 4693 pau·
