<?xml version="1.0" encoding="UTF-8"?>
<!DOCTYPE html PUBLIC "-//W3C//DTD XHTML 1.0 Transitional//EN"
    "http://www.w3.org/TR/xhtml1/DTD/xhtml1-transitional.dtd">
<html xmlns="http://www.w3.org/1999/xhtml" xml:lang="en" lang="en">
 <head>
  <title>
</title>
<meta http-equiv="Content-Type" content="text/html;charset=utf-8" />
  <meta name='ocr-system' content='tesseract 3.04.00' />
  <meta name='ocr-capabilities' content='ocr_page ocr_carea ocr_par ocr_line ocrx_word'/>
</head>
<body>
  <div class='ocr_page' id='page_1' title='image "./vindiciaeplinia00urligoog_0317.png"; bbox 0 0 3567 5559; ppageno 0'>
   <div class='ocr_carea' id='block_1_1' title="bbox 711 718 1383 790">
    <p class='ocr_par' dir='ltr' id='par_1_1' title="bbox 711 718 1383 790">
     <span class='ocr_line' id='line_1_1' title="bbox 711 718 1383 790; baseline -0.006 -2"><span class='ocrx_word' id='word_1_1' title='bbox 711 728 797 790; x_wconf 76' lang='lat' dir='ltr'>Lr&#39;her</span> <span class='ocrx_word' id='word_1_2' title='bbox 820 728 910 788; x_wconf 87' lang='lat' dir='ltr'><em>XXI.</em></span> <span class='ocrx_word' id='word_1_3' title='bbox 1304 718 1383 784; x_wconf 40' lang='lat'>1131</span> 
     </span>
    </p>
   </div>
   <div class='ocr_carea' id='block_1_2' title="bbox 237 912 1368 1870">
    <p class='ocr_par' dir='ltr' id='par_1_2' title="bbox 237 912 1367 1476">
     <span class='ocr_line' id='line_1_2' title="bbox 326 912 1367 1002; baseline -0.009 -15"><span class='ocrx_word' id='word_1_4' title='bbox 326 920 359 1002; x_wconf 66' lang='grc' dir='ltr'>ξ.</span> <span class='ocrx_word' id='word_1_5' title='bbox 387 919 456 990; x_wconf 81' lang='grc'>156</span> <span class='ocrx_word' id='word_1_6' title='bbox 483 939 553 984; x_wconf 90' lang='lat' dir='ltr'>cum</span> <span class='ocrx_word' id='word_1_7' title='bbox 581 918 631 982; x_wconf 86' lang='lat' dir='ltr'>V²</span> <span class='ocrx_word' id='word_1_8' title='bbox 661 923 775 996; x_wconf 78' lang='lat' dir='ltr'>olfactu</span> <span class='ocrx_word' id='word_1_9' title='bbox 803 917 1008 982; x_wconf 87' lang='lat' dir='ltr'>scribendum</span> <span class='ocrx_word' id='word_1_10' title='bbox 1036 922 1086 982; x_wconf 88' lang='lat' dir='ltr'>est</span> <span class='ocrx_word' id='word_1_11' title='bbox 1116 919 1264 998; x_wconf 77' lang='lat' dir='ltr'>(olfactus</span> <span class='ocrx_word' id='word_1_12' title='bbox 1285 912 1367 998; x_wconf 69' lang='lat' dir='ltr'>R&#39;d,</span> 
     </span>
     <span class='ocr_line' id='line_1_3' title="bbox 237 1033 1366 1127; baseline -0.003 -27"><span class='ocrx_word' id='word_1_13' title='bbox 237 1039 362 1109; x_wconf 82' lang='lat' dir='ltr'>olfacto</span> <span class='ocrx_word' id='word_1_14' title='bbox 388 1035 478 1116; x_wconf 89' lang='lat' dir='ltr'>V¹),</span> <span class='ocrx_word' id='word_1_15' title='bbox 507 1036 625 1102; x_wconf 81' lang='lat' dir='ltr'>ibidem</span> <span class='ocrx_word' id='word_1_16' title='bbox 654 1033 879 1100; x_wconf 71' lang='lat' dir='ltr'>undalumrr&#39;bur</span> <span class='ocrx_word' id='word_1_17' title='bbox 900 1056 972 1127; x_wconf 86' lang='lat' dir='ltr'>cum</span> <span class='ocrx_word' id='word_1_18' title='bbox 994 1034 1159 1116; x_wconf 82' lang='lat' dir='ltr'>Pintian03</span> <span class='ocrx_word' id='word_1_19' title='bbox 1188 1034 1229 1098; x_wconf 88' lang='lat' dir='ltr'>of.</span> <span class='ocrx_word' id='word_1_20' title='bbox 1257 1034 1366 1099; x_wconf 89' lang='lat' dir='ltr'>Diosc.</span> 
     </span>
     <span class='ocr_line' id='line_1_4' title="bbox 238 1151 1366 1239; baseline -0.002 -23"><span class='ocrx_word' id='word_1_21' title='bbox 238 1153 367 1220; x_wconf 85' lang='lat'>111.38.</span> <span class='ocrx_word' id='word_1_22' title='bbox 395 1153 428 1236; x_wconf 67' lang='lat'>§-</span> <span class='ocrx_word' id='word_1_23' title='bbox 441 1152 505 1238; x_wconf 26' lang='lat'>2166</span> <span class='ocrx_word' id='word_1_24' title='bbox 527 1173 590 1216; x_wconf 92' lang='lat' dir='ltr'>non</span> <span class='ocrx_word' id='word_1_25' title='bbox 613 1172 647 1217; x_wconf 85' lang='lat' dir='ltr'>eo</span> <span class='ocrx_word' id='word_1_26' title='bbox 670 1153 756 1239; x_wconf 89' lang='lat' dir='ltr'>quod</span> <span class='ocrx_word' id='word_1_27' title='bbox 777 1152 881 1216; x_wconf 87' lang='lat' dir='ltr'>fateor</span> <span class='ocrx_word' id='word_1_28' title='bbox 902 1172 955 1214; x_wconf 90' lang='lat' dir='ltr'>me</span> <span class='ocrx_word' id='word_1_29' title='bbox 974 1171 1039 1216; x_wconf 92' lang='lat' dir='ltr'>non</span> <span class='ocrx_word' id='word_1_30' title='bbox 1054 1151 1234 1236; x_wconf 83' lang='lat' dir='ltr'>intelligere</span> <span class='ocrx_word' id='word_1_31' title='bbox 1255 1151 1313 1214; x_wconf 90' lang='lat' dir='ltr'>sed</span> <span class='ocrx_word' id='word_1_32' title='bbox 1335 1158 1366 1215; x_wconf 81' lang='lat' dir='ltr'>ia</span> 
     </span>
     <span class='ocr_line' id='line_1_5' title="bbox 238 1267 1367 1354; baseline -0.001 -21"><span class='ocrx_word' id='word_1_33' title='bbox 238 1271 457 1354; x_wconf 77' lang='lat' dir='ltr'>scripserim,</span> <span class='ocrx_word' id='word_1_34' title='bbox 491 1276 524 1333; x_wconf 90' lang='lat' dir='ltr'>et</span> <span class='ocrx_word' id='word_1_35' title='bbox 552 1269 713 1335; x_wconf 81' lang='lat' dir='ltr'>Gronovio</span> <span class='ocrx_word' id='word_1_36' title='bbox 743 1276 873 1335; x_wconf 87' lang='lat' dir='ltr'>auctore</span> <span class='ocrx_word' id='word_1_37' title='bbox 908 1274 1053 1347; x_wconf 76' lang='lat' dir='ltr'>quiddam</span> <span class='ocrx_word' id='word_1_38' title='bbox 1081 1287 1099 1331; x_wconf 89' lang='lat' dir='ltr'>e</span> <span class='ocrx_word' id='word_1_39' title='bbox 1127 1267 1290 1332; x_wconf 77' lang='lat' dir='ltr'>codicibus</span> <span class='ocrx_word' id='word_1_40' title='bbox 1317 1288 1367 1332; x_wconf 86' lang='lat' dir='ltr'>re·</span> 
     </span>
     <span class='ocr_line' id='line_1_6' title="bbox 237 1387 924 1476; baseline -0.001 -26"><span class='ocrx_word' id='word_1_41' title='bbox 237 1387 338 1472; x_wconf 89' lang='lat' dir='ltr'>cipio.</span> <span class='ocrx_word' id='word_1_42' title='bbox 907 1447 924 1476; x_wconf 46' lang='lat'><em>4</em></span> 
     </span>
    </p>

    <p class='ocr_par' dir='ltr' id='par_1_3' title="bbox 287 1508 1368 1870">
     <span class='ocr_line' id='line_1_7' title="bbox 665 1508 944 1594; baseline -0.018 -13"><span class='ocrx_word' id='word_1_43' title='bbox 665 1510 734 1581; x_wconf 74' lang='lat'>179</span> <span class='ocrx_word' id='word_1_44' title='bbox 747 1508 944 1594; x_wconf 82' lang='lat'>=31,105.</span> 
     </span>
     <span class='ocr_line' id='line_1_8' title="bbox 287 1633 1366 1736; baseline -0.013 -15"><span class='ocrx_word' id='word_1_45' title='bbox 287 1637 600 1721; x_wconf 80' lang='lat' dir='ltr'>Innocentissimi</span> <span class='ocrx_word' id='word_1_46' title='bbox 626 1642 797 1714; x_wconf 75' lang='lat' dir='ltr'>auctores</span> <span class='ocrx_word' id='word_1_47' title='bbox 823 1635 1039 1736; x_wconf 84' lang='lat' dir='ltr'>simpliciter</span> <span class='ocrx_word' id='word_1_48' title='bbox 1061 1633 1273 1732; x_wconf 74' lang='lat' dir='ltr'>dorycnion</span> <span class='ocrx_word' id='word_1_49' title='bbox 1300 1655 1366 1732; x_wconf 88' lang='lat' dir='ltr'>ap-</span> 
     </span>
     <span class='ocr_line' id='line_1_9' title="bbox 290 1764 1368 1870; baseline -0.005 -25"><span class='ocrx_word' id='word_1_50' title='bbox 290 1768 497 1870; x_wconf 87' lang='lat' dir='ltr'>pellavere</span> <span class='ocrx_word' id='word_1_51' title='bbox 519 1795 584 1863; x_wconf 90' lang='lat'>-;</span> <span class='ocrx_word' id='word_1_52' title='bbox 618 1791 691 1868; x_wconf 87' lang='lat' dir='ltr'>qno</span> <span class='ocrx_word' id='word_1_53' title='bbox 718 1769 863 1868; x_wconf 87' lang='lat' dir='ltr'>parcius</span> <span class='ocrx_word' id='word_1_54' title='bbox 888 1767 1172 1856; x_wconf 88' lang='lat' dir='ltr'>insectabantur,</span> <span class='ocrx_word' id='word_1_55' title='bbox 1198 1764 1368 1842; x_wconf 82' lang='lat' dir='ltr'>manicon</span> 
     </span>
    </p>
   </div>
   <div class='ocr_carea' id='block_1_3' title="bbox 244 1897 1477 2824">
    <p class='ocr_par' dir='ltr' id='par_1_4' title="bbox 244 1897 1477 2824">
     <span class='ocr_line' id='line_1_10' title="bbox 293 1897 1365 2003; baseline -0.007 -25"><span class='ocrx_word' id='word_1_56' title='bbox 293 1903 640 2003; x_wconf 82' lang='lat' dir='ltr'>cognominavere3</span> <span class='ocrx_word' id='word_1_57' title='bbox 655 1902 717 2000; x_wconf 91' lang='lat' dir='ltr'>qui</span> <span class='ocrx_word' id='word_1_58' title='bbox 733 1902 904 1999; x_wconf 85' lang='lat' dir='ltr'>nequiter</span> <span class='ocrx_word' id='word_1_59' title='bbox 917 1897 1162 1988; x_wconf 66' lang='lat' dir='ltr'>occultabant</span> <span class='ocrx_word' id='word_1_60' title='bbox 1177 1897 1365 1996; x_wconf 83' lang='lat' dir='ltr'>erythron.</span> 
     </span>
     <span class='ocr_line' id='line_1_11' title="bbox 328 2029 1365 2118; baseline -0.006 -20"><span class='ocrx_word' id='word_1_61' title='bbox 328 2033 482 2098; x_wconf 87' lang='lat' dir='ltr'>Primum</span> <span class='ocrx_word' id='word_1_62' title='bbox 512 2053 581 2099; x_wconf 87' lang='lat' dir='ltr'>cum</span> <span class='ocrx_word' id='word_1_63' title='bbox 601 2033 747 2098; x_wconf 81' lang='lat' dir='ltr'>Barbam</span> <span class='ocrx_word' id='word_1_64' title='bbox 770 2041 822 2111; x_wconf 71' lang='lat' dir='ltr'>quui</span> <span class='ocrx_word' id='word_1_65' title='bbox 843 2035 934 2118; x_wconf 85' lang='lat' dir='ltr'>lego,</span> <span class='ocrx_word' id='word_1_66' title='bbox 962 2052 1034 2094; x_wconf 90' lang='lat' dir='ltr'>oum</span> <span class='ocrx_word' id='word_1_67' title='bbox 1062 2031 1171 2094; x_wconf 87' lang='lat' dir='ltr'>nescio</span> <span class='ocrx_word' id='word_1_68' title='bbox 1200 2050 1256 2093; x_wconf 92' lang='lat' dir='ltr'>cur</span> <span class='ocrx_word' id='word_1_69' title='bbox 1279 2029 1365 2093; x_wconf 90' lang='lat' dir='ltr'>codi-</span> 
     </span>
     <span class='ocr_line' id='line_1_12' title="bbox 244 2127 1364 2233; baseline -0.002 -21"><span class='ocrx_word' id='word_1_70' title='bbox 244 2156 317 2214; x_wconf 83' lang='lat' dir='ltr'>cum</span> <span class='ocrx_word' id='word_1_71' title='bbox 341 2153 522 2216; x_wconf 87' lang='lat' dir='ltr'>lectionem</span> <span class='ocrx_word' id='word_1_72' title='bbox 542 2127 684 2233; x_wconf 62' lang='lat' dir='ltr'>sarcias,</span> <span class='ocrx_word' id='word_1_73' title='bbox 711 2151 762 2213; x_wconf 91' lang='lat' dir='ltr'>oui</span> <span class='ocrx_word' id='word_1_74' title='bbox 785 2150 965 2214; x_wconf 81' lang='lat' dir='ltr'>Gronovius</span> <span class='ocrx_word' id='word_1_75' title='bbox 996 2149 1159 2233; x_wconf 84' lang='lat' dir='ltr'>egregiam</span> <span class='ocrx_word' id='word_1_76' title='bbox 1184 2147 1270 2211; x_wconf 92' lang='lat' dir='ltr'>verbi</span> <span class='ocrx_word' id='word_1_77' title='bbox 1292 2167 1364 2231; x_wconf 91' lang='lat' dir='ltr'>pro-</span> 
     </span>
     <span class='ocr_line' id='line_1_13' title="bbox 245 2244 1477 2350; baseline 0 -22"><span class='ocrx_word' id='word_1_78' title='bbox 245 2267 325 2330; x_wconf 88' lang='lat' dir='ltr'>ximi</span> <span class='ocrx_word' id='word_1_79' title='bbox 349 2268 615 2333; x_wconf 77' lang='lat' dir='ltr'>emendationem</span> <span class='ocrx_word' id='word_1_80' title='bbox 637 2273 860 2332; x_wconf 75' lang='lat' dir='ltr'>imectuhantur</span> <span class='ocrx_word' id='word_1_81' title='bbox 882 2266 1151 2348; x_wconf 79' lang='lat' dir='ltr'>accommodavit,</span> <span class='ocrx_word' id='word_1_82' title='bbox 1175 2267 1206 2330; x_wconf 90' lang='lat' dir='ltr'>S.</span> <span class='ocrx_word' id='word_1_83' title='bbox 1228 2264 1254 2328; x_wconf 95' lang='grc' dir='ltr'>Ι.</span> <span class='ocrx_word' id='word_1_84' title='bbox 1277 2244 1364 2350; x_wconf 68' lang='lat' dir='ltr'>sbre-</span> <span class='ocrx_word' id='word_1_85' title='bbox 1473 2257 1477 2265; x_wconf 71' lang='grc'><em>’</em></span> 
     </span>
     <span class='ocr_line' id='line_1_14' title="bbox 246 2373 1363 2472; baseline 0 -26"><span class='ocrx_word' id='word_1_86' title='bbox 246 2385 364 2448; x_wconf 87' lang='lat' dir='ltr'>verint.</span> <span class='ocrx_word' id='word_1_87' title='bbox 413 2385 455 2450; x_wconf 82' lang='lat' dir='ltr'>ut</span> <span class='ocrx_word' id='word_1_88' title='bbox 475 2388 545 2450; x_wconf 86' lang='lat' dir='ltr'>Sill.</span> <span class='ocrx_word' id='word_1_89' title='bbox 565 2386 693 2472; x_wconf 88' lang='lat' dir='ltr'>quidem</span> <span class='ocrx_word' id='word_1_90' title='bbox 716 2373 937 2471; x_wconf 83' lang='lat' dir='ltr'>gradationem</span> <span class='ocrx_word' id='word_1_91' title='bbox 967 2403 1049 2469; x_wconf 91' lang='lat' dir='ltr'>quae</span> <span class='ocrx_word' id='word_1_92' title='bbox 1070 2384 1166 2448; x_wconf 92' lang='lat' dir='ltr'>Plinii</span> <span class='ocrx_word' id='word_1_93' title='bbox 1189 2379 1293 2448; x_wconf 86' lang='lat' dir='ltr'>verbis</span> <span class='ocrx_word' id='word_1_94' title='bbox 1316 2383 1363 2446; x_wconf 93' lang='lat' dir='ltr'>in·</span> 
     </span>
     <span class='ocr_line' id='line_1_15' title="bbox 248 2477 1364 2589; baseline 0.003 -27"><span class='ocrx_word' id='word_1_95' title='bbox 248 2507 306 2582; x_wconf 84' lang='lat' dir='ltr'>est,</span> <span class='ocrx_word' id='word_1_96' title='bbox 330 2477 545 2567; x_wconf 89' lang='lat' dir='ltr'>omninonon</span> <span class='ocrx_word' id='word_1_97' title='bbox 568 2502 818 2589; x_wconf 88' lang='lat' dir='ltr'>comprehendit,</span> <span class='ocrx_word' id='word_1_98' title='bbox 841 2501 926 2587; x_wconf 90' lang='lat' dir='ltr'>quod</span> <span class='ocrx_word' id='word_1_99' title='bbox 940 2510 1049 2565; x_wconf 86' lang='lat' dir='ltr'>autem</span> <span class='ocrx_word' id='word_1_100' title='bbox 1070 2500 1168 2564; x_wconf 90' lang='lat' dir='ltr'>Ianus</span> <span class='ocrx_word' id='word_1_101' title='bbox 1182 2507 1275 2565; x_wconf 85' lang='lat' dir='ltr'>acute</span> <span class='ocrx_word' id='word_1_102' title='bbox 1290 2521 1364 2565; x_wconf 93' lang='lat' dir='ltr'>con·</span> 
     </span>
     <span class='ocr_line' id='line_1_16' title="bbox 247 2597 1424 2710; baseline 0.001 -30"><span class='ocrx_word' id='word_1_103' title='bbox 247 2617 323 2682; x_wconf 86' lang='lat' dir='ltr'>iecit</span> <span class='ocrx_word' id='word_1_104' title='bbox 335 2628 475 2700; x_wconf 72' lang='lat' dir='ltr'>operam</span> <span class='ocrx_word' id='word_1_105' title='bbox 482 2619 630 2706; x_wconf 89' lang='lat' dir='ltr'>quodque</span> <span class='ocrx_word' id='word_1_106' title='bbox 637 2619 1023 2710; x_wconf 81' lang='lat' dir='ltr'>eomuptelapronominis</span> <span class='ocrx_word' id='word_1_107' title='bbox 1038 2638 1097 2697; x_wconf 80' lang='lat' dir='ltr'>qao</span> <span class='ocrx_word' id='word_1_108' title='bbox 1111 2618 1362 2699; x_wconf 86' lang='lat' dir='ltr'>commendatur,</span> <span class='ocrx_word' id='word_1_109' title='bbox 1420 2597 1424 2602; x_wconf 32' lang='grc'><strong>”</strong></span> 
     </span>
     <span class='ocr_line' id='line_1_17' title="bbox 250 2733 1362 2824; baseline 0.003 -28"><span class='ocrx_word' id='word_1_110' title='bbox 250 2733 325 2800; x_wconf 87' lang='lat' dir='ltr'>ferri</span> <span class='ocrx_word' id='word_1_111' title='bbox 338 2738 474 2824; x_wconf 90' lang='lat' dir='ltr'>quidem</span> <span class='ocrx_word' id='word_1_112' title='bbox 488 2743 594 2823; x_wconf 88' lang='lat' dir='ltr'>potest</span> <span class='ocrx_word' id='word_1_113' title='bbox 610 2738 669 2802; x_wconf 89' lang='lat' dir='ltr'>sed</span> <span class='ocrx_word' id='word_1_114' title='bbox 688 2745 737 2802; x_wconf 89' lang='lat' dir='ltr'>est</span> <span class='ocrx_word' id='word_1_115' title='bbox 757 2738 911 2804; x_wconf 90' lang='lat' dir='ltr'>librorum</span> <span class='ocrx_word' id='word_1_116' title='bbox 922 2737 1013 2807; x_wconf 76' lang='lat' dir='ltr'>Mas.</span> <span class='ocrx_word' id='word_1_117' title='bbox 1030 2737 1187 2820; x_wconf 88' lang='lat' dir='ltr'>scriptura</span> <span class='ocrx_word' id='word_1_118' title='bbox 1200 2736 1362 2819; x_wconf 87' lang='lat' dir='ltr'>aliquanto</span> 
     </span>
    </p>
   </div>
   <div class='ocr_carea' id='block_1_4' title="bbox 1386 1559 1449 1626">
    <p class='ocr_par' dir='ltr' id='par_1_5' title="bbox 1386 1559 1449 1626">
     <span class='ocr_line' id='line_1_18' title="bbox 1386 1559 1449 1626; baseline 0 -1"><span class='ocrx_word' id='word_1_119' title='bbox 1386 1559 1449 1626; x_wconf 81' lang='lat'>470</span> 
     </span>
    </p>
   </div>
   <div class='ocr_carea' id='block_1_5' title="bbox 254 2844 1431 3406">
    <p class='ocr_par' dir='ltr' id='par_1_6' title="bbox 254 2844 1431 3406">
     <span class='ocr_line' id='line_1_19' title="bbox 254 2844 1363 2940; baseline -0.001 -24"><span class='ocrx_word' id='word_1_120' title='bbox 254 2851 405 2920; x_wconf 83' lang='lat' dir='ltr'>debilius.</span> <span class='ocrx_word' id='word_1_121' title='bbox 450 2857 642 2920; x_wconf 90' lang='lat' dir='ltr'>Innocentes</span> <span class='ocrx_word' id='word_1_122' title='bbox 666 2844 812 2920; x_wconf 83' lang='lat' dir='ltr'>auctores</span> <span class='ocrx_word' id='word_1_123' title='bbox 836 2855 1021 2940; x_wconf 85' lang='lat' dir='ltr'>strychnum</span> <span class='ocrx_word' id='word_1_124' title='bbox 1043 2855 1228 2938; x_wconf 88' lang='lat' dir='ltr'>simpliciter</span> <span class='ocrx_word' id='word_1_125' title='bbox 1249 2852 1363 2937; x_wconf 87' lang='lat' dir='ltr'>doryc-</span> 
     </span>
     <span class='ocr_line' id='line_1_20' title="bbox 254 2946 1363 3058; baseline 0 -26"><span class='ocrx_word' id='word_1_126' title='bbox 254 2971 330 3034; x_wconf 94' lang='lat' dir='ltr'>nion</span> <span class='ocrx_word' id='word_1_127' title='bbox 352 2974 373 3038; x_wconf 94' lang='lat' dir='ltr'>i.</span> <span class='ocrx_word' id='word_1_128' title='bbox 408 2993 436 3037; x_wconf 90' lang='lat' dir='ltr'>e.</span> <span class='ocrx_word' id='word_1_129' title='bbox 465 2993 622 3037; x_wconf 89' lang='lat' dir='ltr'>venenum</span> <span class='ocrx_word' id='word_1_130' title='bbox 651 2972 780 3058; x_wconf 90' lang='lat' dir='ltr'>aliquod</span> <span class='ocrx_word' id='word_1_131' title='bbox 808 2946 987 3058; x_wconf 84' lang='lat' dir='ltr'>appellant,</span> <span class='ocrx_word' id='word_1_132' title='bbox 1016 2974 1124 3058; x_wconf 90' lang='lat' dir='ltr'>itaque</span> <span class='ocrx_word' id='word_1_133' title='bbox 1152 2971 1233 3040; x_wconf 90' lang='lat' dir='ltr'>nihil</span> <span class='ocrx_word' id='word_1_134' title='bbox 1260 2969 1363 3034; x_wconf 88' lang='lat' dir='ltr'>occul·</span> 
     </span>
     <span class='ocr_line' id='line_1_21' title="bbox 256 3089 1431 3175; baseline 0.004 -27"><span class='ocrx_word' id='word_1_135' title='bbox 256 3091 339 3170; x_wconf 87' lang='lat' dir='ltr'>tant;</span> <span class='ocrx_word' id='word_1_136' title='bbox 363 3089 421 3174; x_wconf 91' lang='lat' dir='ltr'>qui</span> <span class='ocrx_word' id='word_1_137' title='bbox 442 3089 592 3174; x_wconf 84' lang='lat' dir='ltr'>erythron</span> <span class='ocrx_word' id='word_1_138' title='bbox 614 3097 769 3175; x_wconf 84' lang='lat' dir='ltr'>vocarunt</span> <span class='ocrx_word' id='word_1_139' title='bbox 789 3094 899 3154; x_wconf 89' lang='lat' dir='ltr'>omnia</span> <span class='ocrx_word' id='word_1_140' title='bbox 916 3091 1040 3174; x_wconf 74' lang='lat' dir='ltr'>celant,</span> <span class='ocrx_word' id='word_1_141' title='bbox 1063 3090 1116 3174; x_wconf 92' lang='lat' dir='ltr'>qui</span> <span class='ocrx_word' id='word_1_142' title='bbox 1138 3089 1286 3153; x_wconf 88' lang='lat' dir='ltr'>manicon</span> <span class='ocrx_word' id='word_1_143' title='bbox 1308 3110 1362 3153; x_wconf 93' lang='lat' dir='ltr'>no·</span> <span class='ocrx_word' id='word_1_144' title='bbox 1413 3096 1431 3128; x_wconf 65' lang='grc'><em>’</em></span> 
     </span>
     <span class='ocr_line' id='line_1_22' title="bbox 256 3204 1362 3292; baseline 0.004 -27"><span class='ocrx_word' id='word_1_145' title='bbox 256 3204 392 3288; x_wconf 85' lang='lat' dir='ltr'>minant,</span> <span class='ocrx_word' id='word_1_146' title='bbox 413 3207 612 3271; x_wconf 88' lang='lat' dir='ltr'>insectantur</span> <span class='ocrx_word' id='word_1_147' title='bbox 624 3207 753 3292; x_wconf 90' lang='lat' dir='ltr'>quidem</span> <span class='ocrx_word' id='word_1_148' title='bbox 767 3208 830 3271; x_wconf 92' lang='lat' dir='ltr'>vim</span> <span class='ocrx_word' id='word_1_149' title='bbox 846 3209 972 3289; x_wconf 92' lang='lat' dir='ltr'>veneni,</span> <span class='ocrx_word' id='word_1_150' title='bbox 995 3208 1130 3272; x_wconf 89' lang='lat' dir='ltr'>sednon</span> <span class='ocrx_word' id='word_1_151' title='bbox 1145 3208 1222 3270; x_wconf 89' lang='lat' dir='ltr'>satis</span> <span class='ocrx_word' id='word_1_152' title='bbox 1236 3206 1362 3288; x_wconf 87' lang='lat' dir='ltr'>acerbe,</span> 
     </span>
     <span class='ocr_line' id='line_1_23' title="bbox 258 3323 1030 3406; baseline 0.008 -23"><span class='ocrx_word' id='word_1_153' title='bbox 258 3339 352 3403; x_wconf 90' lang='lat' dir='ltr'>quum</span> <span class='ocrx_word' id='word_1_154' title='bbox 374 3324 533 3388; x_wconf 88' lang='lat' dir='ltr'>insaniam</span> <span class='ocrx_word' id='word_1_155' title='bbox 555 3323 726 3406; x_wconf 86' lang='lat' dir='ltr'>fateantur,</span> <span class='ocrx_word' id='word_1_156' title='bbox 748 3331 883 3389; x_wconf 91' lang='lat' dir='ltr'>mortem</span> <span class='ocrx_word' id='word_1_157' title='bbox 905 3326 1030 3389; x_wconf 88' lang='lat' dir='ltr'>sileant.</span> 
     </span>
    </p>
   </div>
   <div class='ocr_carea' id='block_1_6' title="bbox 260 3423 1363 3876">
    <p class='ocr_par' dir='ltr' id='par_1_7' title="bbox 260 3423 1363 3876">
     <span class='ocr_line' id='line_1_24' title="bbox 339 3423 1363 3528; baseline -0.002 -22"><span class='ocrx_word' id='word_1_158' title='bbox 339 3441 408 3506; x_wconf 85' lang='lat' dir='ltr'>Sed</span> <span class='ocrx_word' id='word_1_159' title='bbox 428 3441 508 3505; x_wconf 90' lang='lat' dir='ltr'>haec</span> <span class='ocrx_word' id='word_1_160' title='bbox 529 3443 653 3504; x_wconf 87' lang='lat' dir='ltr'>minora</span> <span class='ocrx_word' id='word_1_161' title='bbox 674 3447 758 3524; x_wconf 88' lang='lat' dir='ltr'>sunt,</span> <span class='ocrx_word' id='word_1_162' title='bbox 781 3444 910 3528; x_wconf 83' lang='lat' dir='ltr'>gravius</span> <span class='ocrx_word' id='word_1_163' title='bbox 924 3423 1073 3527; x_wconf 74' lang='lat' dir='ltr'>corrupta</span> <span class='ocrx_word' id='word_1_164' title='bbox 1094 3449 1150 3506; x_wconf 88' lang='lat' dir='ltr'>aut</span> <span class='ocrx_word' id='word_1_165' title='bbox 1171 3441 1363 3526; x_wconf 83' lang='lat' dir='ltr'>interpolata</span> 
     </span>
     <span class='ocr_line' id='line_1_25' title="bbox 260 3559 1362 3645; baseline 0 -25"><span class='ocrx_word' id='word_1_166' title='bbox 260 3575 338 3639; x_wconf 89' lang='lat' dir='ltr'>quae</span> <span class='ocrx_word' id='word_1_167' title='bbox 369 3560 515 3645; x_wconf 85' lang='lat' dir='ltr'>proxime</span> <span class='ocrx_word' id='word_1_168' title='bbox 543 3567 734 3644; x_wconf 90' lang='lat' dir='ltr'>sequuntur:</span> <span class='ocrx_word' id='word_1_169' title='bbox 770 3559 799 3642; x_wconf 67' lang='grc' dir='ltr'><strong>ξ</strong></span> <span class='ocrx_word' id='word_1_170' title='bbox 823 3559 884 3625; x_wconf 89' lang='grc'>180</span> <span class='ocrx_word' id='word_1_171' title='bbox 914 3559 1030 3623; x_wconf 91' lang='lat' dir='ltr'>medici</span> <span class='ocrx_word' id='word_1_172' title='bbox 1059 3561 1280 3644; x_wconf 88' lang='lat' dir='ltr'>vituperantur</span> <span class='ocrx_word' id='word_1_173' title='bbox 1309 3559 1362 3643; x_wconf 92' lang='lat' dir='ltr'>qui</span> 
     </span>
     <span class='ocr_line' id='line_1_26' title="bbox 262 3675 1360 3763; baseline 0.001 -28"><span class='ocrx_word' id='word_1_174' title='bbox 262 3693 353 3756; x_wconf 90' lang='lat' dir='ltr'>quum</span> <span class='ocrx_word' id='word_1_175' title='bbox 378 3677 511 3740; x_wconf 88' lang='lat' dir='ltr'>altemm</span> <span class='ocrx_word' id='word_1_176' title='bbox 531 3675 672 3761; x_wconf 89' lang='lat' dir='ltr'>strychni</span> <span class='ocrx_word' id='word_1_177' title='bbox 694 3697 796 3761; x_wconf 87' lang='lat' dir='ltr'>genus</span> <span class='ocrx_word' id='word_1_178' title='bbox 818 3675 1048 3760; x_wconf 88' lang='lat' dir='ltr'>halicacabum,</span> <span class='ocrx_word' id='word_1_179' title='bbox 1071 3698 1133 3763; x_wconf 89' lang='lat' dir='ltr'>quo</span> <span class='ocrx_word' id='word_1_180' title='bbox 1162 3677 1274 3738; x_wconf 91' lang='lat' dir='ltr'>dentes</span> <span class='ocrx_word' id='word_1_181' title='bbox 1297 3675 1360 3738; x_wconf 90' lang='lat' dir='ltr'>ool·</span> 
     </span>
     <span class='ocr_line' id='line_1_27' title="bbox 262 3775 1065 3876; baseline 0.01 -26"><span class='ocrx_word' id='word_1_182' title='bbox 262 3789 431 3876; x_wconf 85' lang='lat' dir='ltr'>luerentur,</span> <span class='ocrx_word' id='word_1_183' title='bbox 454 3794 725 3876; x_wconf 86' lang='lat' dir='ltr'>commendarent,</span> <span class='ocrx_word' id='word_1_184' title='bbox 1061 3775 1065 3779; x_wconf 66' lang='lat'>‚</span> 
     </span>
    </p>
   </div>
   <div class='ocr_carea' id='block_1_7' title="bbox 309 3933 1440 4162">
    <p class='ocr_par' dir='ltr' id='par_1_8' title="bbox 309 3933 1440 4162">
     <span class='ocr_line' id='line_1_28' title="bbox 659 3933 1440 4032; baseline 0.003 -26"><span class='ocrx_word' id='word_1_185' title='bbox 659 3933 947 4020; x_wconf 82' lang='lat'>180=31,105.</span> <span class='ocrx_word' id='word_1_186' title='bbox 1381 3965 1440 4032; x_wconf 75' lang='lat'>471</span> 
     </span>
     <span class='ocr_line' id='line_1_29' title="bbox 309 4057 1362 4162; baseline 0.002 -26"><span class='ocrx_word' id='word_1_187' title='bbox 309 4057 565 4162; x_wconf 83' lang='lat' dir='ltr'>exceptioirem</span> <span class='ocrx_word' id='word_1_188' title='bbox 593 4062 771 4139; x_wconf 86' lang='lat' dir='ltr'>addidere</span> <span class='ocrx_word' id='word_1_189' title='bbox 798 4085 845 4138; x_wconf 92' lang='lat' dir='ltr'>ne</span> <span class='ocrx_word' id='word_1_190' title='bbox 872 4063 1009 4138; x_wconf 85' lang='lat' dir='ltr'>diutius</span> <span class='ocrx_word' id='word_1_191' title='bbox 1034 4061 1071 4136; x_wconf 92' lang='lat' dir='ltr'>id</span> <span class='ocrx_word' id='word_1_192' title='bbox 1090 4061 1203 4151; x_wconf 82' lang='lat' dir='ltr'>fieret,</span> <span class='ocrx_word' id='word_1_193' title='bbox 1229 4058 1362 4138; x_wconf 90' lang='lat' dir='ltr'>delira-</span> 
     </span>
    </p>
   </div>
   <div class='ocr_carea' id='block_1_8' title="bbox 309 4193 1363 4294">
    <p class='ocr_par' dir='ltr' id='par_1_9' title="bbox 309 4193 1363 4294">
     <span class='ocr_line' id='line_1_30' title="bbox 309 4193 1363 4294; baseline 0 -24"><span class='ocrx_word' id='word_1_194' title='bbox 309 4197 445 4276; x_wconf 80' lang='lat' dir='ltr'>tionem</span> <span class='ocrx_word' id='word_1_195' title='bbox 473 4193 570 4270; x_wconf 91' lang='lat' dir='ltr'>enim</span> <span class='ocrx_word' id='word_1_196' title='bbox 610 4195 716 4294; x_wconf 81' lang='lat' dir='ltr'>gigni</span> <span class='ocrx_word' id='word_1_197' title='bbox 741 4194 891 4288; x_wconf 90' lang='lat' dir='ltr'>eodem;</span> <span class='ocrx_word' id='word_1_198' title='bbox 926 4196 1165 4272; x_wconf 82' lang='lat' dir='ltr'>monstranda</span> <span class='ocrx_word' id='word_1_199' title='bbox 1197 4195 1363 4272; x_wconf 87' lang='lat' dir='ltr'>remedia</span> 
     </span>
    </p>
   </div>
   <div class='ocr_carea' id='block_1_9' title="bbox 267 4327 1360 4878">
    <p class='ocr_par' dir='ltr' id='par_1_10' title="bbox 267 4327 1360 4878">
     <span class='ocr_line' id='line_1_31' title="bbox 310 4327 1359 4428; baseline -0.001 -23"><span class='ocrx_word' id='word_1_200' title='bbox 310 4350 464 4427; x_wconf 90' lang='lat' dir='ltr'>quorum</span> <span class='ocrx_word' id='word_1_201' title='bbox 487 4327 671 4404; x_wconf 85' lang='lat' dir='ltr'>medicina</span> <span class='ocrx_word' id='word_1_202' title='bbox 708 4328 857 4404; x_wconf 89' lang='lat' dir='ltr'>maioris</span> <span class='ocrx_word' id='word_1_203' title='bbox 883 4327 968 4404; x_wconf 85' lang='lat' dir='ltr'>mali</span> <span class='ocrx_word' id='word_1_204' title='bbox 994 4329 1196 4428; x_wconf 85' lang='lat' dir='ltr'>periculum</span> <span class='ocrx_word' id='word_1_205' title='bbox 1222 4330 1359 4404; x_wconf 80' lang='lat' dir='ltr'>afferat.</span> 
     </span>
     <span class='ocr_line' id='line_1_32' title="bbox 320 4457 1360 4543; baseline -0.002 -19"><span class='ocrx_word' id='word_1_206' title='bbox 320 4461 369 4526; x_wconf 87' lang='lat' dir='ltr'>Ita</span> <span class='ocrx_word' id='word_1_207' title='bbox 392 4461 458 4526; x_wconf 87' lang='lat' dir='ltr'>Sill.</span> <span class='ocrx_word' id='word_1_208' title='bbox 476 4480 495 4524; x_wconf 90' lang='lat' dir='ltr'>e</span> <span class='ocrx_word' id='word_1_209' title='bbox 516 4457 593 4542; x_wconf 63' lang='lat' dir='ltr'>ua</span> <span class='ocrx_word' id='word_1_210' title='bbox 614 4459 766 4524; x_wconf 87' lang='lat' dir='ltr'>facillima</span> <span class='ocrx_word' id='word_1_211' title='bbox 778 4461 956 4524; x_wconf 87' lang='lat' dir='ltr'>mutatione</span> <span class='ocrx_word' id='word_1_212' title='bbox 978 4461 1102 4525; x_wconf 88' lang='lat' dir='ltr'>eoodd.</span> <span class='ocrx_word' id='word_1_213' title='bbox 1115 4460 1181 4523; x_wconf 85' lang='lat' dir='ltr'>RV</span> <span class='ocrx_word' id='word_1_214' title='bbox 1204 4460 1258 4543; x_wconf 91' lang='lat' dir='ltr'>qui</span> <span class='ocrx_word' id='word_1_215' title='bbox 1272 4462 1360 4522; x_wconf 84' lang='lat' dir='ltr'>eode-</span> 
     </span>
     <span class='ocr_line' id='line_1_33' title="bbox 267 4571 1123 4643; baseline -0.006 0"><span class='ocrx_word' id='word_1_216' title='bbox 267 4583 453 4643; x_wconf 76' lang='lat' dir='ltr'>maartruada</span> <span class='ocrx_word' id='word_1_217' title='bbox 474 4576 595 4642; x_wconf 90' lang='lat' dir='ltr'>habent</span> <span class='ocrx_word' id='word_1_218' title='bbox 614 4577 670 4641; x_wconf 89' lang='lat' dir='ltr'>fiet</span> <span class='ocrx_word' id='word_1_219' title='bbox 691 4578 743 4642; x_wconf 90' lang='lat' dir='ltr'>via</span> <span class='ocrx_word' id='word_1_220' title='bbox 764 4577 805 4642; x_wconf 90' lang='lat' dir='ltr'>ab</span> <span class='ocrx_word' id='word_1_221' title='bbox 827 4577 908 4642; x_wconf 89' lang='lat' dir='ltr'>Iano</span> <span class='ocrx_word' id='word_1_222' title='bbox 931 4571 1123 4642; x_wconf 74' lang='lat' dir='ltr'>monstrata:</span> 
     </span>
     <span class='ocr_line' id='line_1_34' title="bbox 301 4696 1062 4778; baseline 0.001 -18"><span class='ocrx_word' id='word_1_223' title='bbox 301 4729 338 4742; x_wconf 82' lang='lat'>-</span> <span class='ocrx_word' id='word_1_224' title='bbox 359 4702 444 4776; x_wconf 74' lang='lat' dir='ltr'>ataui</span> <span class='ocrx_word' id='word_1_225' title='bbox 466 4715 514 4778; x_wconf 82' lang='lat' dir='ltr'>eo,</span> <span class='ocrx_word' id='word_1_226' title='bbox 536 4699 789 4760; x_wconf 73' lang='lat' dir='ltr'>demoaaraado</span> <span class='ocrx_word' id='word_1_227' title='bbox 810 4701 942 4760; x_wconf 74' lang='lat' dir='ltr'>rancato</span> <span class='ocrx_word' id='word_1_228' title='bbox 964 4704 1025 4761; x_wconf 85' lang='lat' dir='ltr'>etc</span> <span class='ocrx_word' id='word_1_229' title='bbox 1059 4696 1062 4700; x_wconf 76' lang='grc'><strong>’</strong></span> 
     </span>
     <span class='ocr_line' id='line_1_35' title="bbox 1129 4813 1151 4878; baseline 0 0"><span class='ocrx_word' id='word_1_230' title='bbox 1129 4813 1151 4878; x_wconf 86' lang='grc'>8</span> 
     </span>
    </p>
   </div>
   <div class='ocr_carea' id='block_1_10' title="bbox 0 0 1827 5559">
    <p class='ocr_par' dir='ltr' id='par_1_11' title="bbox 0 0 1827 5559">
     <span class='ocr_line' id='line_1_36' title="bbox 0 0 1827 5559; baseline 0 0"><span class='ocrx_word' id='word_1_231' title='bbox 0 0 1827 5559; x_wconf 95' lang='lat' dir='ltr'> </span> 
     </span>
    </p>
   </div>
  </div>
 </body>
</html>
