3567 5559
659 741 751 802 nsua
767 740 924 803 rrum
1144 811 1153 828 ,
1286 739 1356 832 161Ι

220 959 279 1023 pro
304 943 417 1016 quirsis
437 935 512 1019 lid,
533 941 637 1000 melius
659 940 748 1014 quiue
768 933 798 995 V
830 941 940 1012 quinae
961 940 1040 1002 itlius
1061 935 1146 1000 unde
1164 939 1261 1002 Ianus
1282 938 1345 1002 ele·

221 1057 314 1140 ganti
338 1055 532 1120 oonieotura
553 1052 661 1118 effeuit
684 1058 759 1116 sotis
781 1057 887 1117 dietus
908 1059 1018 1132 quinae
1031 1054 1088 1138 (ot.
1099 1053 1211 1120 Dioso·
1223 1055 1345 1146 Π.771;
1413 1133 1416 1138 ,
1493 1123 1496 1130 ,

221 1179 255 1237 at
277 1179 353 1237 tum
378 1178 439 1236 aut
460 1191 479 1236 e
500 1170 593 1234 Plinii
621 1190 683 1233 usu
702 1175 735 1233 tn
758 1175 808 1232 die
828 1168 1000 1234 dicendum
1028 1177 1085 1235 aut
1105 1191 1256 1237 numerus
1278 1171 1347 1235 adi·

222 1289 365 1354 ciendus
397 1294 477 1383 erat.
521 1287 652 1352 certum
678 1307 846 1351 numerum
874 1285 996 1352 diorum
1031 1291 1060 1353 ei
1083 1309 1178 1353 curae
1206 1289 1348 1354 omorbi

221 1408 356 1472 ratione
381 1404 678 1492 attribuendumlet
699 1425 757 1488 per
778 1404 921 1489 singulos
945 1404 1013 1469 dios
1036 1412 1158 1470 oertrrm
1180 1427 1347 1473 numerum

221 1526 438 1590 heminarum
459 1522 633 1588 bibendum
655 1540 727 1586 esse
749 1521 794 1586 ait
809 1522 938 1588 Plinius,
982 1522 1073 1598 Quos
1096 1525 1258 1589 sententia
1277 1545 1347 1590 ver·

223 1643 274 1707 bis
295 1643 347 1708 R²
373 1642 459 1709 duos
480 1642 527 1706 ita
547 1639 678 1705 mutatis
699 1638 854 1724 prodibit:

265 1767 397 1826 statis
418 1767 455 1824 in
478 1765 583 1824 dietus
604 1763 711 1837 quinis.

690 1867 815 1940 131:
834 1867 930 1953 aad.

277 1997 491 2077 Stomacho
520 1995 629 2073 utiles
667 1973 809 2089 (oasei')
852 1997 913 2094 qui
940 2020 1015 2074 non
1042 2004 1126 2074 sunt
1153 1997 1265 2088 salsi,
1308 1998 1346 2075 id

278 2142 342 2209 ost
378 2137 570 2223 recentem
610 2136 757 2206 veteres
798 2128 921 2204 alvum
960 2129 1094 2206 sistunt
1134 2152 1345 2231 corpusque
1378 2217 1391 2238 ⁰

279 2263 475 2353 minuunt,
502 2259 695 2340 stomacho
723 2260 901 2339 utiliores

317 2393 337 2463 ὃ
369 2396 410 2462 δὲ
442 2394 559 2480 νεαλὴς
581 2442 589 2458 .
613 2442 620 2456 .
642 2392 726 2481 πρὸς
756 2399 958 2481 καθαίρεσιν
996 2395 1116 2477 σαρκὸς
1151 2391 1347 2482 ἐπιτήδειος,

233 2513 502 2598 κακοστόμαχος.
525 2509 731 2576 Dioscorides
753 2511 856 2595 inquit
872 2513 913 2575 II.
929 2511 984 2595 793
1006 2533 1111 2598 neque
1134 2515 1262 2579 omnino
1279 2515 1348 2580 fieri

235 2639 346 2715 potest
373 2636 412 2695 ut
444 2628 507 2693 duo
529 2647 649 2714 genera
685 2646 786 2713 aeque
807 2627 898 2692 utilia
926 2629 1003 2714 sint5
1036 2630 1144 2716 itaque
1176 2630 1347 2718 legendum

236 2756 286 2814 est
306 2748 400 2814 haud
422 2746 531 2811 dubie:
552 2750 706 2810 stomacho
728 2753 912 2810 inutiliores.
1199 2757 1202 2762 '
1313 2751 1316 2762 '

305 2856 637 2957 136=a2n1<de
663 2864 825 2963 axungia
849 2887 919 2940 seu
945 2864 1054 2963 adipe
1081 2863 1225 2956 suillo).
1289 2873 1434 2944 ooo-16

290 2999 534 3100 quamobrem
561 3019 635 3073 nou
664 2996 711 3072 da
741 2996 811 3072 alia
832 2996 1027 3113 loquemur
1052 3021 1129 3088 sue,
1157 2997 1282 3075 multo¹
1299 2995 1352 3111 ef?

291 3132 476 3213 fioaoiose,
492 3128 630 3205 femina
655 3136 692 3205 et
719 3151 813 3228 quae
840 3153 915 3207 non
943 3129 1104 3229 peperit3
1131 3128 1245 3207 multo
1260 3154 1350 3209 vero

292 3261 542 3360 praestantior
567 3263 604 3338 in
630 3261 731 3362 apris
757 3269 823 3338 est.

328 3393 468 3459 Diversa
486 3395 590 3459 suium
612 3413 732 3479 genera
744 3393 791 3460 Pl.
816 3393 967 3479 quoniam
989 3413 1054 3457 non
1077 3392 1244 3479 distinguit
1265 3400 1355 3459 uliam

247 3532 326 3577 sumu
347 3513 458 3577 neseio
480 3513 532 3576 oni
554 3532 716 3597 opponere
737 3532 801 3575 non
819 3511 934 3597 potuit,
956 3512 1061 3597 potuit
1082 3512 1256 3598 axungiam
1278 3513 1354 3576 suil-

247 3628 309 3694 lam
326 3629 462 3717 reliquis
486 3628 677 3693 animalibus
709 3627 882 3714 praeferre.
926 3629 1038 3714 Itaque
1059 3629 1207 3696 lacunam
1230 3629 1275 3694 sio
1298 3649 1353 3694 ex·

250 3743 320 3826 pleo
343 3767 452 3826 quom
473 3767 572 3829 esue3
595 3748 774 3832 proximum
788 3766 917 3809 sensum
933 3747 1048 3831 partim
1063 3745 1153 3810 codd.
1177 3744 1355 3832 Ianumque

254 3871 380 3929 secutus
401 3864 446 3929 ite
468 3865 641 3929 constituo:
675 3870 765 3928 mullo
787 3869 943 3940 efficacior
965 3883 981 3927 e
1000 3867 1110 3938 semim
1133 3875 1201 3944 est,
1224 3883 1251 3941 q.
1273 3884 1301 3926 a.
1320 3884 1354 3942 p.

253 3978 361 4060 §.139
383 3981 453 4046 ood.
475 3981 520 4044 V²
541 3980 640 4046 habet
661 3987 786 4063 cupillis,
808 3980 853 4045 R²
872 3954 1046 4060 fluentibus,
1069 3978 1153 4058 upde
1176 3977 1279 4071 efficio
1303 3999 1355 4044 ca·

249 4103 328 4174 pinis
346 4104 516 4179 fluentibus.
1299 4119 1302 4126 '

1367 1917 1430 1988 614

683 4218 919 4305 146=9,40.
1376 4238 1438 4306 617

299 4349 632 4450 praestantisimum
658 4347 695 4423 in
723 4347 857 4422 edeotu
884 4345 935 4422 fel
962 4353 1030 4422 est.

330 4485 590 4564 praestantissima
621 4486 653 4542 in
695 4481 803 4555 effectu
836 4477 905 4558 R²‚
947 4479 968 4542 i.
1009 4498 1037 4541 e.
1072 4479 1358 4556 praestantissimum

259 4602 367 4674 effectu.
391 4597 561 4680 Ablativus
582 4597 668 4661 onim
689 4596 777 4660 solus
798 4594 903 4660 eidem
922 4594 1080 4660 adieetivo
1095 4592 1222 4658 additur
1230 4591 1271 4658 11.
1286 4591 1358 4673 110,

257 4711 388 4782 XXVII.
412 4717 483 4781 144.
