<?xml version="1.0" encoding="UTF-8"?>
<!DOCTYPE html PUBLIC "-//W3C//DTD XHTML 1.0 Transitional//EN"
    "http://www.w3.org/TR/xhtml1/DTD/xhtml1-transitional.dtd">
<html xmlns="http://www.w3.org/1999/xhtml" xml:lang="en" lang="en">
 <head>
  <title>
</title>
<meta http-equiv="Content-Type" content="text/html;charset=utf-8" />
  <meta name='ocr-system' content='tesseract 3.04.00' />
  <meta name='ocr-capabilities' content='ocr_page ocr_carea ocr_par ocr_line ocrx_word'/>
</head>
<body>
  <div class='ocr_page' id='page_1' title='image "./vindiciaeplinia00urligoog_0301.png"; bbox 0 0 3567 5559; ppageno 0'>
   <div class='ocr_carea' id='block_1_1' title="bbox 692 699 1374 841">
    <p class='ocr_par' dir='ltr' id='par_1_1' title="bbox 692 699 1374 841">
     <span class='ocr_line' id='line_1_1' title="bbox 692 699 1374 841; baseline 0.012 -42"><span class='ocrx_word' id='word_1_1' title='bbox 692 699 786 799; x_wconf 65' lang='lat' dir='ltr'><strong>roser</strong></span> <span class='ocrx_word' id='word_1_2' title='bbox 807 736 879 798; x_wconf 79' lang='lat' dir='ltr'><strong>rr.</strong></span> <span class='ocrx_word' id='word_1_3' title='bbox 1297 737 1340 806; x_wconf 81' lang='lat' dir='ltr'><strong>tt</strong></span> <span class='ocrx_word' id='word_1_4' title='bbox 1371 830 1374 841; x_wconf 24' lang='grc' dir='ltr'>Ι</span> 
     </span>
    </p>
   </div>
   <div class='ocr_carea' id='block_1_2' title="bbox 211 926 1408 1347">
    <p class='ocr_par' dir='ltr' id='par_1_2' title="bbox 211 926 1337 1014">
     <span class='ocr_line' id='line_1_2' title="bbox 211 926 1337 1014; baseline 0.004 -20"><span class='ocrx_word' id='word_1_5' title='bbox 211 929 290 1004; x_wconf 86' lang='lat' dir='ltr'><strong>Qui</strong></span> <span class='ocrx_word' id='word_1_6' title='bbox 322 929 372 994; x_wconf 88' lang='lat' dir='ltr'><strong>sic</strong></span> <span class='ocrx_word' id='word_1_7' title='bbox 401 928 526 994; x_wconf 87' lang='lat' dir='ltr'><strong>scribit:</strong></span> <span class='ocrx_word' id='word_1_8' title='bbox 568 934 698 1014; x_wconf 75' lang='grc' dir='ltr'><strong><em>φακοῦς</em></strong></span> <span class='ocrx_word' id='word_1_9' title='bbox 726 929 790 996; x_wconf 73' lang='grc' dir='ltr'><strong>σὺν</strong></span> <span class='ocrx_word' id='word_1_10' title='bbox 816 926 963 1014; x_wconf 63' lang='grc' dir='ltr'><em>μέλιτιῆ</em></span> <span class='ocrx_word' id='word_1_11' title='bbox 994 927 1062 1006; x_wconf 75' lang='grc' dir='ltr'><strong><em>ὄξει</em></strong></span> <span class='ocrx_word' id='word_1_12' title='bbox 1085 934 1337 1013; x_wconf 73' lang='grc' dir='ltr'>(καθαίρουσι).</span> 
     </span>
    </p>

    <p class='ocr_par' dir='ltr' id='par_1_3' title="bbox 212 1045 1339 1127">
     <span class='ocr_line' id='line_1_3' title="bbox 212 1045 1339 1127; baseline 0.002 -16"><span class='ocrx_word' id='word_1_13' title='bbox 212 1049 290 1111; x_wconf 89' lang='lat' dir='ltr'><strong>Pro</strong></span> <span class='ocrx_word' id='word_1_14' title='bbox 320 1046 417 1110; x_wconf 91' lang='lat' dir='ltr'><strong>melle</strong></span> <span class='ocrx_word' id='word_1_15' title='bbox 446 1046 554 1125; x_wconf 83' lang='lat' dir='ltr'><strong>vinum</strong></span> <span class='ocrx_word' id='word_1_16' title='bbox 575 1045 696 1110; x_wconf 82' lang='lat' dir='ltr'>Plinius</span> <span class='ocrx_word' id='word_1_17' title='bbox 723 1047 915 1127; x_wconf 82' lang='lat' dir='ltr'><strong>nominavit,</strong></span> <span class='ocrx_word' id='word_1_18' title='bbox 945 1046 1078 1110; x_wconf 79' lang='lat' dir='ltr'><strong>alterum</strong></span> <span class='ocrx_word' id='word_1_19' title='bbox 1105 1066 1224 1111; x_wconf 88' lang='lat' dir='ltr'><strong>nomen</strong></span> <span class='ocrx_word' id='word_1_20' title='bbox 1251 1047 1339 1114; x_wconf 87' lang='lat' dir='ltr'><strong>heud</strong></span> 
     </span>
    </p>

    <p class='ocr_par' dir='ltr' id='par_1_4' title="bbox 214 1141 1408 1347">
     <span class='ocr_line' id='line_1_4' title="bbox 214 1141 1408 1260; baseline 0.001 -32"><span class='ocrx_word' id='word_1_21' title='bbox 214 1153 329 1228; x_wconf 66' lang='lat' dir='ltr'><strong>llubie</strong></span> <span class='ocrx_word' id='word_1_22' title='bbox 352 1162 585 1228; x_wconf 88' lang='lat' dir='ltr'><strong>restituendum</strong></span> <span class='ocrx_word' id='word_1_23' title='bbox 606 1167 672 1246; x_wconf 90' lang='lat' dir='ltr'><strong>est,</strong></span> <span class='ocrx_word' id='word_1_24' title='bbox 701 1167 735 1228; x_wconf 88' lang='lat' dir='ltr'><strong>et</strong></span> <span class='ocrx_word' id='word_1_25' title='bbox 755 1183 813 1248; x_wconf 91' lang='lat' dir='ltr'><strong>pro</strong></span> <span class='ocrx_word' id='word_1_26' title='bbox 834 1181 901 1259; x_wconf 77' lang='lat' dir='ltr'><strong>cum</strong></span> <span class='ocrx_word' id='word_1_27' title='bbox 921 1165 1020 1229; x_wconf 80' lang='lat' dir='ltr'><strong>tcocto</strong></span> <span class='ocrx_word' id='word_1_28' title='bbox 1042 1163 1214 1249; x_wconf 86' lang='lat' dir='ltr'><strong>legendum</strong></span> <span class='ocrx_word' id='word_1_29' title='bbox 1242 1141 1271 1260; x_wconf 26' lang='lat'><strong>⁰-</strong></span> <span class='ocrx_word' id='word_1_30' title='bbox 1390 1223 1408 1252; x_wconf 65' lang='lat'>‚</span> 
     </span>
     <span class='ocr_line' id='line_1_5' title="bbox 267 1291 485 1347; baseline -0.014 0"><span class='ocrx_word' id='word_1_31' title='bbox 267 1301 343 1347; x_wconf 77' lang='lat' dir='ltr'><strong>cum</strong></span> <span class='ocrx_word' id='word_1_32' title='bbox 367 1291 485 1346; x_wconf 82' lang='lat' dir='ltr'><strong>aceto.</strong></span> 
     </span>
    </p>
   </div>
   <div class='ocr_carea' id='block_1_3' title="bbox 217 1377 1339 1815">
    <p class='ocr_par' dir='ltr' id='par_1_5' title="bbox 217 1377 1339 1815">
     <span class='ocr_line' id='line_1_6' title="bbox 313 1377 1339 1486; baseline 0.003 -24"><span class='ocrx_word' id='word_1_33' title='bbox 313 1399 354 1462; x_wconf 90' lang='lat' dir='ltr'><strong>In</strong></span> <span class='ocrx_word' id='word_1_34' title='bbox 375 1398 404 1483; x_wconf 76' lang='lat' dir='ltr'><strong>S.</strong></span> <span class='ocrx_word' id='word_1_35' title='bbox 427 1397 489 1465; x_wconf 85' lang='grc'><strong>109</strong></span> <span class='ocrx_word' id='word_1_36' title='bbox 516 1397 659 1462; x_wconf 79' lang='lat' dir='ltr'><strong>neutrius</strong></span> <span class='ocrx_word' id='word_1_37' title='bbox 682 1377 813 1462; x_wconf 73' lang='lat' dir='ltr'><strong>editoris</strong></span> <span class='ocrx_word' id='word_1_38' title='bbox 847 1402 1039 1462; x_wconf 77' lang='lat' dir='ltr'><strong>sententiam</strong></span> <span class='ocrx_word' id='word_1_39' title='bbox 1061 1402 1162 1486; x_wconf 79' lang='lat' dir='ltr'><strong>totam</strong></span> <span class='ocrx_word' id='word_1_40' title='bbox 1178 1399 1279 1484; x_wconf 85' lang='lat' dir='ltr'><strong>probo</strong></span> <span class='ocrx_word' id='word_1_41' title='bbox 1306 1406 1339 1465; x_wconf 90' lang='lat' dir='ltr'><strong>et</strong></span> 
     </span>
     <span class='ocr_line' id='line_1_7' title="bbox 217 1514 1338 1596; baseline 0.002 -16"><span class='ocrx_word' id='word_1_42' title='bbox 217 1517 266 1580; x_wconf 75' lang='lat' dir='ltr'><strong>ab</strong></span> <span class='ocrx_word' id='word_1_43' title='bbox 291 1515 375 1580; x_wconf 78' lang='lat' dir='ltr'><strong>Iano</strong></span> <span class='ocrx_word' id='word_1_44' title='bbox 404 1523 538 1580; x_wconf 73' lang='lat' dir='ltr'><strong>eatenus</strong></span> <span class='ocrx_word' id='word_1_45' title='bbox 567 1521 691 1588; x_wconf 82' lang='lat' dir='ltr'><strong>tentum</strong></span> <span class='ocrx_word' id='word_1_46' title='bbox 713 1514 884 1596; x_wconf 88' lang='lat' dir='ltr'><strong>dissentio,</strong></span> <span class='ocrx_word' id='word_1_47' title='bbox 912 1521 948 1578; x_wconf 91' lang='lat' dir='ltr'><strong>ut</strong></span> <span class='ocrx_word' id='word_1_48' title='bbox 973 1521 1081 1581; x_wconf 67' lang='lat' dir='ltr'><strong>rottae</strong></span> <span class='ocrx_word' id='word_1_49' title='bbox 1101 1557 1141 1568; x_wconf 88' lang='grc'><strong>-</strong></span> <span class='ocrx_word' id='word_1_50' title='bbox 1159 1528 1235 1596; x_wconf 77' lang='lat' dir='ltr'><strong>poto</strong></span> <span class='ocrx_word' id='word_1_51' title='bbox 1263 1537 1338 1582; x_wconf 89' lang='lat' dir='ltr'><strong>con·</strong></span> 
     </span>
     <span class='ocr_line' id='line_1_8' title="bbox 217 1630 1338 1720; baseline 0.001 -22"><span class='ocrx_word' id='word_1_52' title='bbox 217 1635 364 1718; x_wconf 79' lang='lat' dir='ltr'><strong>iungam</strong></span> <span class='ocrx_word' id='word_1_53' title='bbox 386 1632 487 1698; x_wconf 87' lang='lat' dir='ltr'><strong>libero</strong></span> <span class='ocrx_word' id='word_1_54' title='bbox 508 1633 563 1696; x_wconf 90' lang='lat' dir='ltr'><strong>illo</strong></span> <span class='ocrx_word' id='word_1_55' title='bbox 586 1631 717 1698; x_wconf 84' lang='lat' dir='ltr'><strong>ablativi</strong></span> <span class='ocrx_word' id='word_1_56' title='bbox 744 1630 883 1696; x_wconf 84' lang='lat' dir='ltr'><strong>absoluti</strong></span> <span class='ocrx_word' id='word_1_57' title='bbox 904 1650 965 1694; x_wconf 88' lang='lat' dir='ltr'><strong>usu</strong></span> <span class='ocrx_word' id='word_1_58' title='bbox 986 1651 1049 1717; x_wconf 89' lang='lat' dir='ltr'><strong>quo</strong></span> <span class='ocrx_word' id='word_1_59' title='bbox 1071 1631 1194 1697; x_wconf 83' lang='lat' dir='ltr'><strong>Plinius</strong></span> <span class='ocrx_word' id='word_1_60' title='bbox 1216 1635 1248 1697; x_wconf 89' lang='lat' dir='ltr'><strong>in</strong></span> <span class='ocrx_word' id='word_1_61' title='bbox 1276 1636 1338 1720; x_wconf 71' lang='lat' dir='ltr'><strong>pri7</strong></span> 
     </span>
     <span class='ocr_line' id='line_1_9' title="bbox 218 1749 502 1815; baseline 0 0"><span class='ocrx_word' id='word_1_62' title='bbox 218 1752 289 1815; x_wconf 87' lang='lat' dir='ltr'><strong>mis</strong></span> <span class='ocrx_word' id='word_1_63' title='bbox 313 1749 502 1815; x_wconf 74' lang='lat' dir='ltr'><strong>delcetatur.</strong></span> 
     </span>
    </p>
   </div>
   <div class='ocr_carea' id='block_1_4' title="bbox 277 1882 1420 2125">
    <p class='ocr_par' dir='ltr' id='par_1_6' title="bbox 277 1863 1420 2125">
     <span class='ocr_line' id='line_1_10' title="bbox 656 1882 1420 2005; baseline -0.007 -17"><span class='ocrx_word' id='word_1_64' title='bbox 656 1882 915 2005; x_wconf 77' lang='lat' dir='ltr'><strong>113=1t‚42³.</strong></span> <span class='ocrx_word' id='word_1_65' title='bbox 1358 1915 1420 1983; x_wconf 77' lang='lat' dir='ltr'><strong>nc</strong></span> 
     </span>
     <span class='ocr_line' id='line_1_11' title="bbox 277 2042 1335 2125; baseline 0.003 -5"><span class='ocrx_word' id='word_1_66' title='bbox 277 2067 357 2122; x_wconf 88' lang='lat' dir='ltr'><strong>non</strong></span> <span class='ocrx_word' id='word_1_67' title='bbox 382 2042 482 2120; x_wconf 85' lang='lat' dir='ltr'><strong>aliud</strong></span> <span class='ocrx_word' id='word_1_68' title='bbox 509 2088 554 2098; x_wconf 99' lang='lat'>-</span> <span class='ocrx_word' id='word_1_69' title='bbox 571 2044 608 2120; x_wconf 90' lang='lat' dir='ltr'><strong>in</strong></span> <span class='ocrx_word' id='word_1_70' title='bbox 633 2048 772 2125; x_wconf 85' lang='lat' dir='ltr'><strong>maiore</strong></span> <span class='ocrx_word' id='word_1_71' title='bbox 793 2044 1056 2124; x_wconf 85' lang='lat' dir='ltr'><strong>sententiarum</strong></span> <span class='ocrx_word' id='word_1_72' title='bbox 1071 2045 1246 2122; x_wconf 82' lang='lat' dir='ltr'><strong>verietate</strong></span> <span class='ocrx_word' id='word_1_73' title='bbox 1267 2052 1335 2123; x_wconf 88' lang='lat' dir='ltr'><strong>est.</strong></span> 
     </span>
    </p>
   </div>
   <div class='ocr_carea' id='block_1_5' title="bbox 278 2177 738 2277">
    <p class='ocr_par' dir='ltr' id='par_1_7' title="bbox 278 2177 738 2277">
     <span class='ocr_line' id='line_1_12' title="bbox 278 2177 738 2277; baseline 0.011 -24"><span class='ocrx_word' id='word_1_74' title='bbox 278 2177 528 2277; x_wconf 81' lang='lat' dir='ltr'><strong>Distingnitur</strong></span> <span class='ocrx_word' id='word_1_75' title='bbox 547 2201 641 2256; x_wconf 87' lang='lat' dir='ltr'><strong>sexu</strong></span> <span class='ocrx_word' id='word_1_76' title='bbox 667 2187 738 2258; x_wconf 84' lang='lat' dir='ltr'><strong>etc.</strong></span> 
     </span>
    </p>
   </div>
   <div class='ocr_carea' id='block_1_6' title="bbox 224 2308 1344 3119">
    <p class='ocr_par' dir='ltr' id='par_1_8' title="bbox 224 2308 1344 2862">
     <span class='ocr_line' id='line_1_13' title="bbox 313 2308 1344 2396; baseline -0.001 -21"><span class='ocrx_word' id='word_1_77' title='bbox 313 2311 364 2375; x_wconf 82' lang='lat' dir='ltr'><strong>Ite</strong></span> <span class='ocrx_word' id='word_1_78' title='bbox 386 2309 453 2376; x_wconf 87' lang='lat' dir='ltr'><strong>Sill.</strong></span> <span class='ocrx_word' id='word_1_79' title='bbox 472 2308 598 2376; x_wconf 84' lang='lat' dir='ltr'><strong>Geleuii</strong></span> <span class='ocrx_word' id='word_1_80' title='bbox 619 2312 899 2378; x_wconf 77' lang='lat' dir='ltr'><strong>codices‘secutus</strong></span> <span class='ocrx_word' id='word_1_81' title='bbox 921 2311 1055 2396; x_wconf 85' lang='lat' dir='ltr'><strong>scripsit.</strong></span> <span class='ocrx_word' id='word_1_82' title='bbox 1081 2311 1159 2379; x_wconf 84' lang='lat' dir='ltr'><strong>Ood.</strong></span> <span class='ocrx_word' id='word_1_83' title='bbox 1182 2331 1202 2374; x_wconf 84' lang='lat' dir='ltr'><strong>a</strong></span> <span class='ocrx_word' id='word_1_84' title='bbox 1222 2309 1344 2374; x_wconf 85' lang='lat' dir='ltr'><strong>hebet:·</strong></span> 
     </span>
     <span class='ocr_line' id='line_1_14' title="bbox 224 2429 1336 2514; baseline -0.004 -18"><span class='ocrx_word' id='word_1_85' title='bbox 224 2436 403 2496; x_wconf 79' lang='lat' dir='ltr'><strong>auctoritas</strong></span> <span class='ocrx_word' id='word_1_86' title='bbox 423 2439 467 2492; x_wconf 83' lang='lat' dir='ltr'><strong>cst</strong></span> <span class='ocrx_word' id='word_1_87' title='bbox 484 2434 688 2514; x_wconf 61' lang='lat' dir='ltr'><strong>distineatur,</strong></span> <span class='ocrx_word' id='word_1_88' title='bbox 709 2429 779 2498; x_wconf 88' lang='lat' dir='ltr'><strong>cod.</strong></span> <span class='ocrx_word' id='word_1_89' title='bbox 794 2429 959 2495; x_wconf 69' lang='lat' dir='ltr'><strong>conteras</strong></span> <span class='ocrx_word' id='word_1_90' title='bbox 976 2435 1178 2509; x_wconf 66' lang='lat' dir='ltr'><strong>distineatur.</strong></span> <span class='ocrx_word' id='word_1_91' title='bbox 1200 2431 1236 2494; x_wconf 93' lang='lat' dir='ltr'><strong>ln</strong></span> <span class='ocrx_word' id='word_1_92' title='bbox 1249 2434 1336 2493; x_wconf 86' lang='lat' dir='ltr'><strong>utro·</strong></span> 
     </span>
     <span class='ocr_line' id='line_1_15' title="bbox 227 2545 1336 2636; baseline -0.003 -22"><span class='ocrx_word' id='word_1_93' title='bbox 227 2571 292 2636; x_wconf 89' lang='lat' dir='ltr'><strong>qne</strong></span> <span class='ocrx_word' id='word_1_94' title='bbox 314 2547 395 2612; x_wconf 90' lang='lat' dir='ltr'><strong>libro</strong></span> <span class='ocrx_word' id='word_1_95' title='bbox 416 2566 516 2612; x_wconf 88' lang='lat' dir='ltr'><strong>unum</strong></span> <span class='ocrx_word' id='word_1_96' title='bbox 538 2547 726 2614; x_wconf 81' lang='lat' dir='ltr'><strong>vocabulum</strong></span> <span class='ocrx_word' id='word_1_97' title='bbox 748 2545 876 2631; x_wconf 79' lang='lat' dir='ltr'><strong>excidit,</strong></span> <span class='ocrx_word' id='word_1_98' title='bbox 898 2568 971 2613; x_wconf 85' lang='lat' dir='ltr'><strong>nom</strong></span> <span class='ocrx_word' id='word_1_99' title='bbox 995 2548 1166 2613; x_wconf 87' lang='lat' dir='ltr'><strong>lecunosos</strong></span> <span class='ocrx_word' id='word_1_100' title='bbox 1188 2567 1261 2612; x_wconf 87' lang='lat' dir='ltr'><strong>esse</strong></span> <span class='ocrx_word' id='word_1_101' title='bbox 1283 2567 1336 2611; x_wconf 90' lang='lat' dir='ltr'><strong>co·</strong></span> 
     </span>
     <span class='ocr_line' id='line_1_16' title="bbox 228 2663 1336 2752; baseline -0.004 -20"><span class='ocrx_word' id='word_1_102' title='bbox 228 2668 322 2733; x_wconf 87' lang='lat' dir='ltr'><strong>dices</strong></span> <span class='ocrx_word' id='word_1_103' title='bbox 343 2665 441 2730; x_wconf 83' lang='lat' dir='ltr'><strong>etiem</strong></span> <span class='ocrx_word' id='word_1_104' title='bbox 462 2667 491 2750; x_wconf 60' lang='grc' dir='ltr'><strong>ὅ.</strong></span> <span class='ocrx_word' id='word_1_105' title='bbox 513 2668 574 2736; x_wconf 85' lang='grc'><strong>117</strong></span> <span class='ocrx_word' id='word_1_106' title='bbox 601 2665 841 2752; x_wconf 84' lang='lat' dir='ltr'><strong>comprobetur,</strong></span> <span class='ocrx_word' id='word_1_107' title='bbox 874 2666 930 2731; x_wconf 91' lang='lat' dir='ltr'><strong>nbi</strong></span> <span class='ocrx_word' id='word_1_108' title='bbox 947 2671 1080 2747; x_wconf 79' lang='lat' dir='ltr'><strong>potmmn</strong></span> <span class='ocrx_word' id='word_1_109' title='bbox 1101 2667 1134 2730; x_wconf 92' lang='lat' dir='ltr'><strong>in</strong></span> <span class='ocrx_word' id='word_1_110' title='bbox 1155 2664 1255 2729; x_wconf 78' lang='lat' dir='ltr'><strong>Ted</strong></span> <span class='ocrx_word' id='word_1_111' title='bbox 1284 2663 1336 2728; x_wconf 90' lang='lat' dir='ltr'><strong>de-</strong></span> 
     </span>
     <span class='ocr_line' id='line_1_17' title="bbox 229 2782 671 2862; baseline 0 -12"><span class='ocrx_word' id='word_1_112' title='bbox 229 2792 289 2852; x_wconf 85' lang='lat' dir='ltr'><strong>est.</strong></span> <span class='ocrx_word' id='word_1_113' title='bbox 335 2782 545 2850; x_wconf 78' lang='lat' dir='ltr'><strong>Scribendum</strong></span> <span class='ocrx_word' id='word_1_114' title='bbox 567 2785 671 2862; x_wconf 32' lang='lat' dir='ltr'><strong>erit:-</strong></span> 
     </span>
    </p>

    <p class='ocr_par' dir='ltr' id='par_1_9' title="bbox 231 2907 1303 3119">
     <span class='ocr_line' id='line_1_18' title="bbox 272 2907 1043 2997; baseline 0 -29"><span class='ocrx_word' id='word_1_115' title='bbox 272 2908 421 2968; x_wconf 76' lang='lat' dir='ltr'><strong>van’ctate</strong></span> <span class='ocrx_word' id='word_1_116' title='bbox 441 2913 493 2997; x_wconf 73' lang='lat' dir='ltr'><strong>cst.</strong></span> <span class='ocrx_word' id='word_1_117' title='bbox 536 2909 765 2969; x_wconf 77' lang='lat' dir='ltr'><strong>Auctoritas</strong></span> <span class='ocrx_word' id='word_1_118' title='bbox 787 2907 982 2983; x_wconf 73' lang='lat' dir='ltr'><strong>distinouttur</strong></span> <span class='ocrx_word' id='word_1_119' title='bbox 1002 2937 1043 2952; x_wconf 91' lang='lat'><em>-</em></span> 
     </span>
     <span class='ocr_line' id='line_1_19' title="bbox 231 3019 1303 3119; baseline -0.004 -31"><span class='ocrx_word' id='word_1_120' title='bbox 231 3039 354 3088; x_wconf 77' lang='lat' dir='ltr'><strong>merem</strong></span> <span class='ocrx_word' id='word_1_121' title='bbox 376 3020 460 3086; x_wconf 88' lang='lat' dir='ltr'><strong>enim</strong></span> <span class='ocrx_word' id='word_1_122' title='bbox 482 3020 734 3086; x_wconf 78' lang='lat' dir='ltr'><strong>innocentiorem</strong></span> <span class='ocrx_word' id='word_1_123' title='bbox 757 3039 829 3086; x_wconf 87' lang='lat' dir='ltr'><strong>esse</strong></span> <span class='ocrx_word' id='word_1_124' title='bbox 849 3021 946 3119; x_wconf 82' lang='lat' dir='ltr'><strong>paulo</strong></span> <span class='ocrx_word' id='word_1_125' title='bbox 967 3019 1051 3107; x_wconf 82' lang='lat' dir='ltr'><strong>infre</strong></span> <span class='ocrx_word' id='word_1_126' title='bbox 1066 3021 1211 3105; x_wconf 84' lang='lat' dir='ltr'><strong>legimus.</strong></span> <span class='ocrx_word' id='word_1_127' title='bbox 1301 3029 1303 3034; x_wconf 80' lang='grc'><em>“</em></span> 
     </span>
    </p>
   </div>
   <div class='ocr_carea' id='block_1_7' title="bbox 236 3180 1493 4178">
    <p class='ocr_par' dir='ltr' id='par_1_10' title="bbox 236 3180 1493 3521">
     <span class='ocr_line' id='line_1_20' title="bbox 408 3180 1493 3287; baseline -0.006 -33"><span class='ocrx_word' id='word_1_128' title='bbox 408 3267 418 3285; x_wconf 59' lang='lat'>„</span> <span class='ocrx_word' id='word_1_129' title='bbox 655 3180 916 3268; x_wconf 79' lang='lat'><strong>113=11,44.</strong></span> <span class='ocrx_word' id='word_1_130' title='bbox 1058 3260 1062 3267; x_wconf 25' lang='lat'><strong>⁴</strong></span> <span class='ocrx_word' id='word_1_131' title='bbox 1357 3217 1419 3287; x_wconf 72' lang='lat'><strong>437</strong></span> <span class='ocrx_word' id='word_1_132' title='bbox 1489 3198 1493 3207; x_wconf 15' lang='grc' dir='ltr'>Χ</span> 
     </span>
     <span class='ocr_line' id='line_1_21' title="bbox 314 3303 1338 3393; baseline -0.002 -21"><span class='ocrx_word' id='word_1_133' title='bbox 314 3307 367 3372; x_wconf 92' lang='lat' dir='ltr'><strong>De</strong></span> <span class='ocrx_word' id='word_1_134' title='bbox 395 3306 467 3392; x_wconf 84' lang='lat' dir='ltr'><strong>apio</strong></span> <span class='ocrx_word' id='word_1_135' title='bbox 495 3303 628 3371; x_wconf 88' lang='lat' dir='ltr'><strong>duorum</strong></span> <span class='ocrx_word' id='word_1_136' title='bbox 664 3307 879 3392; x_wconf 88' lang='lat' dir='ltr'><strong>medicorum,</strong></span> <span class='ocrx_word' id='word_1_137' title='bbox 923 3306 1092 3393; x_wconf 75' lang='lat' dir='ltr'><strong>Chrysippi</strong></span> <span class='ocrx_word' id='word_1_138' title='bbox 1126 3312 1159 3371; x_wconf 90' lang='lat' dir='ltr'><strong>et</strong></span> <span class='ocrx_word' id='word_1_139' title='bbox 1180 3307 1338 3392; x_wconf 85' lang='lat' dir='ltr'><strong>Dionysii,</strong></span> 
     </span>
     <span class='ocr_line' id='line_1_22' title="bbox 236 3425 1339 3521; baseline -0.003 -29"><span class='ocrx_word' id='word_1_140' title='bbox 236 3427 414 3492; x_wconf 74' lang='lat' dir='ltr'><strong>sententiae</strong></span> <span class='ocrx_word' id='word_1_141' title='bbox 443 3429 661 3509; x_wconf 85' lang='lat' dir='ltr'><strong>exponuntur,</strong></span> <span class='ocrx_word' id='word_1_142' title='bbox 704 3444 838 3512; x_wconf 89' lang='lat' dir='ltr'><strong>quorum</strong></span> <span class='ocrx_word' id='word_1_143' title='bbox 871 3425 952 3489; x_wconf 84' lang='lat' dir='ltr'><strong>alter</strong></span> <span class='ocrx_word' id='word_1_144' title='bbox 981 3425 1132 3521; x_wconf 80' lang='lat' dir='ltr'><strong>feminam</strong></span> <span class='ocrx_word' id='word_1_145' title='bbox 1160 3431 1339 3491; x_wconf 79' lang='lat' dir='ltr'><strong>vermiculos</strong></span> 
     </span>
    </p>

    <p class='ocr_par' dir='ltr' id='par_1_11' title="bbox 236 3543 1431 4178">
     <span class='ocr_line' id='line_1_23' title="bbox 236 3543 1431 3636; baseline -0.008 -25"><span class='ocrx_word' id='word_1_146' title='bbox 236 3553 400 3626; x_wconf 69' lang='lat' dir='ltr'><strong>ctyncntcm</strong></span> <span class='ocrx_word' id='word_1_147' title='bbox 420 3547 638 3633; x_wconf 78' lang='lat' dir='ltr'><strong>appellaverit.</strong></span> <span class='ocrx_word' id='word_1_148' title='bbox 681 3543 827 3634; x_wconf 18' lang='lat' dir='ltr'><strong>Tumxite</strong></span> <span class='ocrx_word' id='word_1_149' title='bbox 847 3543 1005 3629; x_wconf 80' lang='lat' dir='ltr'><strong>pergitur:</strong></span> <span class='ocrx_word' id='word_1_150' title='bbox 1423 3623 1431 3636; x_wconf 23' lang='lat' dir='ltr'>x</span> 
     </span>
     <span class='ocr_line' id='line_1_24' title="bbox 283 3659 1337 3752; baseline -0.009 -7"><span class='ocrx_word' id='word_1_151' title='bbox 283 3667 391 3745; x_wconf 82' lang='lat' dir='ltr'><strong>curbo</strong></span> <span class='ocrx_word' id='word_1_152' title='bbox 418 3673 586 3743; x_wconf 88' lang='lat' dir='ltr'><strong>nentrum</strong></span> <span class='ocrx_word' id='word_1_153' title='bbox 611 3666 657 3742; x_wconf 85' lang='lat' dir='ltr'><strong>ed</strong></span> <span class='ocrx_word' id='word_1_154' title='bbox 687 3664 792 3743; x_wconf 88' lang='lat' dir='ltr'><strong>cibos</strong></span> <span class='ocrx_word' id='word_1_155' title='bbox 817 3659 1094 3752; x_wconf 85' lang='lat' dir='ltr'><strong>admittendum,</strong></span> <span class='ocrx_word' id='word_1_156' title='bbox 1121 3661 1231 3737; x_wconf 92' lang='lat' dir='ltr'><strong>immo</strong></span> <span class='ocrx_word' id='word_1_157' title='bbox 1258 3683 1337 3737; x_wconf 91' lang='lat' dir='ltr'><strong>om-</strong></span> 
     </span>
     <span class='ocr_line' id='line_1_25' title="bbox 284 3792 1337 3900; baseline -0.009 -22"><span class='ocrx_word' id='word_1_158' title='bbox 284 3803 370 3878; x_wconf 89' lang='lat' dir='ltr'><strong>nino</strong></span> <span class='ocrx_word' id='word_1_159' title='bbox 398 3798 519 3900; x_wconf 82' lang='lat' dir='ltr'><strong>nefas3</strong></span> <span class='ocrx_word' id='word_1_160' title='bbox 537 3805 643 3881; x_wconf 74' lang='lat' dir='ltr'><strong>uam</strong></span> <span class='ocrx_word' id='word_1_161' title='bbox 667 3800 704 3875; x_wconf 90' lang='lat' dir='ltr'><strong>id</strong></span> <span class='ocrx_word' id='word_1_162' title='bbox 733 3793 990 3875; x_wconf 84' lang='lat' dir='ltr'><strong>defunctorum</strong></span> <span class='ocrx_word' id='word_1_163' title='bbox 1017 3793 1136 3896; x_wconf 86' lang='lat' dir='ltr'><strong>epulis</strong></span> <span class='ocrx_word' id='word_1_164' title='bbox 1162 3792 1337 3897; x_wconf 84' lang='lat' dir='ltr'><strong>feralibus</strong></span> 
     </span>
     <span class='ocr_line' id='line_1_26' title="bbox 284 3923 1339 4043; baseline -0.009 -33"><span class='ocrx_word' id='word_1_165' title='bbox 284 3933 443 4010; x_wconf 86' lang='lat' dir='ltr'><strong>dicatum</strong></span> <span class='ocrx_word' id='word_1_166' title='bbox 482 3955 587 4025; x_wconf 88' lang='lat' dir='ltr'><strong>esse,</strong></span> <span class='ocrx_word' id='word_1_167' title='bbox 625 3923 728 4008; x_wconf 83' lang='lat' dir='ltr'><strong>visus</strong></span> <span class='ocrx_word' id='word_1_168' title='bbox 763 3952 912 4030; x_wconf 90' lang='lat' dir='ltr'><strong>quoque</strong></span> <span class='ocrx_word' id='word_1_169' title='bbox 942 3928 1107 4043; x_wconf 71' lang='lat' dir='ltr'><strong>⁸claritati</strong></span> <span class='ocrx_word' id='word_1_170' title='bbox 1131 3926 1339 4043; x_wconf 81' lang='lat' dir='ltr'><strong>inimicum3</strong></span> 
     </span>
     <span class='ocr_line' id='line_1_27' title="bbox 287 4062 1339 4178; baseline -0.006 -34"><span class='ocrx_word' id='word_1_171' title='bbox 287 4065 392 4144; x_wconf 82' lang='lat' dir='ltr'><strong>caule</strong></span> <span class='ocrx_word' id='word_1_172' title='bbox 415 4067 573 4144; x_wconf 81' lang='lat' dir='ltr'><strong>feminae</strong></span> <span class='ocrx_word' id='word_1_173' title='bbox 600 4063 824 4178; x_wconf 79' lang='lat' dir='ltr'><strong>vermiculos</strong></span> <span class='ocrx_word' id='word_1_174' title='bbox 850 4064 955 4164; x_wconf 82' lang='lat' dir='ltr'><strong>gigni</strong></span> <span class='ocrx_word' id='word_1_175' title='bbox 994 4062 1155 4160; x_wconf 90' lang='lat' dir='ltr'><strong>ideoque</strong></span> <span class='ocrx_word' id='word_1_176' title='bbox 1183 4063 1339 4161; x_wconf 89' lang='lat' dir='ltr'><strong>eosqui</strong></span> 
     </span>
    </p>
   </div>
   <div class='ocr_carea' id='block_1_8' title="bbox 244 4197 1340 4775">
    <p class='ocr_par' dir='ltr' id='par_1_12' title="bbox 287 4197 784 4278">
     <span class='ocr_line' id='line_1_28' title="bbox 287 4197 784 4278; baseline -0.004 -1"><span class='ocrx_word' id='word_1_177' title='bbox 287 4199 429 4277; x_wconf 82' lang='lat' dir='ltr'><strong>ederint</strong></span> <span class='ocrx_word' id='word_1_178' title='bbox 453 4197 687 4278; x_wconf 84' lang='lat' dir='ltr'><strong>sterilescere</strong></span> <span class='ocrx_word' id='word_1_179' title='bbox 714 4205 784 4276; x_wconf 85' lang='lat' dir='ltr'><strong>etc.</strong></span> 
     </span>
    </p>

    <p class='ocr_par' dir='ltr' id='par_1_13' title="bbox 244 4325 1340 4775">
     <span class='ocr_line' id='line_1_29' title="bbox 320 4325 1339 4418; baseline -0.003 -22"><span class='ocrx_word' id='word_1_180' title='bbox 320 4331 392 4398; x_wconf 87' lang='lat' dir='ltr'><strong>Non</strong></span> <span class='ocrx_word' id='word_1_181' title='bbox 413 4333 532 4397; x_wconf 85' lang='lat' dir='ltr'><strong>idcirco</strong></span> <span class='ocrx_word' id='word_1_182' title='bbox 555 4333 768 4414; x_wconf 86' lang='lat' dir='ltr'><strong>sterilescunt,</strong></span> <span class='ocrx_word' id='word_1_183' title='bbox 791 4325 866 4418; x_wconf 83' lang='lat' dir='ltr'><strong>quia</strong></span> <span class='ocrx_word' id='word_1_184' title='bbox 882 4329 1046 4396; x_wconf 87' lang='lat' dir='ltr'><strong>vermiculi</strong></span> <span class='ocrx_word' id='word_1_185' title='bbox 1061 4328 1235 4413; x_wconf 84' lang='lat' dir='ltr'><strong>gignuntur</strong></span> <span class='ocrx_word' id='word_1_186' title='bbox 1247 4331 1339 4394; x_wconf 83' lang='lat' dir='ltr'><strong>caule</strong></span> 
     </span>
     <span class='ocr_line' id='line_1_30' title="bbox 244 4439 1340 4536; baseline -0.004 -22"><span class='ocrx_word' id='word_1_187' title='bbox 244 4451 385 4533; x_wconf 75' lang='lat' dir='ltr'><strong>feminee,</strong></span> <span class='ocrx_word' id='word_1_188' title='bbox 415 4439 474 4515; x_wconf 88' lang='lat' dir='ltr'><strong>sed</strong></span> <span class='ocrx_word' id='word_1_189' title='bbox 501 4451 577 4536; x_wconf 83' lang='lat' dir='ltr'><strong>quie</strong></span> <span class='ocrx_word' id='word_1_190' title='bbox 606 4470 645 4516; x_wconf 92' lang='lat' dir='ltr'><strong>eo</strong></span> <span class='ocrx_word' id='word_1_191' title='bbox 672 4451 762 4536; x_wconf 49' lang='lat' dir='ltr'><strong>vesci,</strong></span> <span class='ocrx_word' id='word_1_192' title='bbox 789 4449 881 4514; x_wconf 84' lang='lat' dir='ltr'><strong>nefas</strong></span> <span class='ocrx_word' id='word_1_193' title='bbox 909 4454 968 4512; x_wconf 90' lang='lat' dir='ltr'><strong>est.</strong></span> <span class='ocrx_word' id='word_1_194' title='bbox 1011 4449 1123 4532; x_wconf 78' lang='lat' dir='ltr'><strong>Itaque</strong></span> <span class='ocrx_word' id='word_1_195' title='bbox 1145 4467 1229 4533; x_wconf 82' lang='lat' dir='ltr'><strong>quae</strong></span> <span class='ocrx_word' id='word_1_196' title='bbox 1256 4447 1340 4511; x_wconf 84' lang='lat' dir='ltr'><strong>hanc</strong></span> 
     </span>
     <span class='ocr_line' id='line_1_31' title="bbox 247 4566 1340 4654; baseline -0.006 -21"><span class='ocrx_word' id='word_1_197' title='bbox 247 4569 429 4634; x_wconf 74' lang='lat' dir='ltr'><strong>sententiam</strong></span> <span class='ocrx_word' id='word_1_198' title='bbox 479 4567 658 4654; x_wconf 85' lang='lat' dir='ltr'><strong>impediunt</strong></span> <span class='ocrx_word' id='word_1_199' title='bbox 700 4566 800 4633; x_wconf 84' lang='lat' dir='ltr'><strong>verba</strong></span> <span class='ocrx_word' id='word_1_200' title='bbox 845 4574 933 4633; x_wconf 81' lang='lat' dir='ltr'><strong>caute</strong></span> <span class='ocrx_word' id='word_1_201' title='bbox 977 4603 1014 4616; x_wconf 79' lang='lat'>-</span> <span class='ocrx_word' id='word_1_202' title='bbox 1058 4571 1162 4646; x_wconf 66' lang='lat' dir='ltr'><strong>atam,</strong></span> <span class='ocrx_word' id='word_1_203' title='bbox 1211 4584 1340 4648; x_wconf 88' lang='lat' dir='ltr'><strong>prorsus</strong></span> 
     </span>
     <span class='ocr_line' id='line_1_32' title="bbox 247 4667 1340 4775; baseline -0.007 -21"><span class='ocrx_word' id='word_1_204' title='bbox 247 4689 294 4754; x_wconf 83' lang='lat' dir='ltr'><strong>illc</strong></span> <span class='ocrx_word' id='word_1_205' title='bbox 313 4687 442 4774; x_wconf 78' lang='lat' dir='ltr'><strong>quidem</strong></span> <span class='ocrx_word' id='word_1_206' title='bbox 464 4707 713 4774; x_wconf 78' lang='lat' dir='ltr'><strong>supervacanea,</strong></span> <span class='ocrx_word' id='word_1_207' title='bbox 735 4667 852 4772; x_wconf 90' lang='lat' dir='ltr'><strong>quippe</strong></span> <span class='ocrx_word' id='word_1_208' title='bbox 873 4706 957 4772; x_wconf 86' lang='lat' dir='ltr'><strong>qnee</strong></span> <span class='ocrx_word' id='word_1_209' title='bbox 978 4683 1063 4747; x_wconf 90' lang='lat' dir='ltr'><strong>idem</strong></span> <span class='ocrx_word' id='word_1_210' title='bbox 1085 4688 1235 4767; x_wconf 86' lang='lat' dir='ltr'><strong>repetent</strong></span> <span class='ocrx_word' id='word_1_211' title='bbox 1255 4690 1340 4775; x_wconf 81' lang='lat' dir='ltr'><strong>quod</strong></span> 
     </span>
    </p>
   </div>
   <div class='ocr_carea' id='block_1_9' title="bbox 1148 4805 1170 4873">
    <p class='ocr_par' dir='ltr' id='par_1_14' title="bbox 1148 4805 1170 4873">
     <span class='ocr_line' id='line_1_33' title="bbox 1148 4805 1170 4873; baseline 0 0"><span class='ocrx_word' id='word_1_212' title='bbox 1148 4805 1170 4873; x_wconf 76' lang='grc'>7</span> 
     </span>
    </p>
   </div>
   <div class='ocr_carea' id='block_1_10' title="bbox 0 0 1821 5559">
    <p class='ocr_par' dir='ltr' id='par_1_15' title="bbox 0 0 1821 5559">
     <span class='ocr_line' id='line_1_34' title="bbox 0 0 1821 5559; baseline 0 0"><span class='ocrx_word' id='word_1_213' title='bbox 0 0 1821 5559; x_wconf 95' lang='lat' dir='ltr'><strong> </strong></span> 
     </span>
    </p>
   </div>
  </div>
 </body>
</html>
