3567 5559
677 753 769 813 liber
788 752 913 814 XXIX.
1290 751 1352 820 173

647 1003 652 1011 ·
703 985 751 1058 29
764 1005 805 1036 =
819 985 887 1070 1,9.

277 1111 493 1189 Ordiamur
518 1121 639 1188 autem
666 1136 688 1189 a
713 1112 897 1216 confessis
939 1111 1013 1190 hoc
1040 1117 1097 1224 est
1134 1109 1228 1186 lauis
1251 1112 1351 1189 ovis-

276 1266 359 1342 que
388 1247 516 1323 obiter
539 1250 579 1319 ut
604 1244 715 1321 rebus
749 1245 958 1345 praecipuis
996 1243 1117 1323 honos
1149 1244 1186 1319 iu
1228 1243 1351 1344 primis

274 1376 543 1474 perhibeatur.
581 1402 585 1406 ·
671 1454 676 1460 .

268 1507 420 1572 'Vocem
443 1515 539 1574 obiter
564 1508 678 1573 honori
699 1528 806 1572 rerum
826 1510 1069 1593 praecipuarum
1092 1527 1272 1595 repugnare
1294 1531 1350 1595 ap·

227 1630 336 1706 paret,
364 1626 498 1690 scilicet
519 1646 537 1690 e
559 1625 767 1712 sequentibus
788 1625 872 1689 male
892 1627 1071 1710 repetitam.
1098 1624 1244 1712 Namque
1265 1625 1352 1714 quod

225 1741 259 1802 in
283 1741 476 1828 archetypo
509 1743 604 1808 tertio
626 1742 667 1806 ab
689 1742 750 1807 hoc
771 1764 865 1806 versu
892 1748 1031 1807 exeunte
1053 1743 1352 1828 scriptum-exstitit

228 1863 328 1921 obiter
352 1860 486 1924 scribae
513 1860 620 1925 'oculis
643 1859 866 1926 aberrantibus
894 1860 957 1925 huc
978 1866 1151 1925 retractum
1174 1866 1237 1943 est,
1274 1881 1351 1946 quo·

227 1973 328 2040 modo
352 1982 436 2062 post
455 1998 555 2042 unum
578 1998 705 2041 versum
727 1977 875 2041 librarius
900 1978 1001 2044 codici
1021 1977 1053 2042 R
1076 1964 1173 2056 sideni
1194 1969 1351 2064 repetiuit.

174 2164 175 2167 Ἴ
230 2090 349 2178 Itaque
372 2095 514 2160 molesto
543 2093 762 2159 additamento
786 2103 946 2180 expuncto
974 2095 1177 2160 scribendum
1201 2102 1251 2159 est
1273 2101 1350 2158 orrir-

230 2229 297 2290 que,
321 2223 358 2275 ut
381 2217 476 2276 rebus
497 2213 552 2277 rel.
897 2207 899 2210 ¹

1372 1041 1434 1112 636

620 2370 665 2442 47
696 2368 966 2456 et48=3‚11.
1370 2391 1431 2462 637
1534 2443 1537 2450 ,

281 2493 382 2574 Cibo
411 2504 521 2602 quot¹
538 2498 660 2612 modis
690 2504 804 2592 (ova)
845 2497 974 2588 iuvent
1005 2505 1132 2576 notum
1158 2508 1232 2589 est,
1268 2521 1350 2576 curn

175 2640 178 2645 ’
282 2633 519 2707 transmeent
559 2625 718 2706 faucium
751 2639 931 2707 tumorem
958 2629 1191 2728 calfactuque
1225 2614 1351 2708 ‘obiter

174 2783 175 2786 ‘
283 2758 455 2840 foveant.
508 2762 638 2840 Nullus
665 2770 722 2840 est
747 2762 841 2840 alius
867 2762 972 2840 cibus
992 2762 1058 2840 rel.

279 2889 362 2958 Gibo
387 2896 573 2961 stomachus
593 2898 722 2960 iuratur
742 2916 923 2982 corpusque
946 2895 1040 2960 alitur
1060 2916 1166 2981 neque
1179 2903 1350 2980 propterea

174 3001 176 3005 ’
239 3009 324 3088 quod
339 3012 468 3091 >fauces
501 3015 588 3080 fovet
610 3035 705 3079 sanas
739 3013 857 3078 nedum
884 3012 1033 3077 tumidas.
1076 3015 1222 3099 Apparet
1252 3013 1351 3098 igitur

239 3105 337 3192 verba
354 3151 425 3194 cum
443 3169 486 3188 -η
503 3137 631 3210 foveant
658 3132 700 3196 ad
720 3131 867 3196 morbum
897 3108 1037 3216 aliquem
1070 3130 1182 3195 referri
1209 3131 1350 3196 faucium

175 3226 176 3229 Ἴ
242 3260 333 3324 quem
363 3250 542 3314 luculenter
564 3249 772 3314 Dioscorides
794 3249 834 3314 II.
857 3249 898 3315 55
926 3246 975 3312 bis
1001 3249 1106 3314 verbis
1135 3249 1349 3316 demonstrat:

241 3354 465 3455 ἆκροχλιαρὸν
492 3367 530 3432 δὲ
556 3366 640 3452 πρὸς
660 3404 701 3413 -
722 3365 931 3454 τραχυσμαύς
951 3371 1108 3454 τραχρίας
1133 3366 1291 3457 ἀρτηρίας
1309 3406 1351 3417 -
1427 3453 1429 3457 ,

244 3471 389 3564 ἁρμόζει.
433 3483 536 3558 Quem
564 3483 714 3548 morbum
742 3483 840 3577 paulo
868 3503 967 3568 supra
987 3471 1110 3546 Plinius
1140 3507 1236 3571 quum
1264 3507 1349 3550 com·

243 3608 471 3683 memorasset,-
502 3599 623 3665 facturn
645 3604 746 3664 estut
768 3620 851 3663 unus
872 3621 986 3666 versus
1007 3587 1153 3666 XXVIH
1173 3603 1349 3667 litterarum

174 3750 175 3753 =
246 3707 465 3799 intercideret,
498 3739 580 3804 quae
598 3723 720 3789 ‘autem
748 3717 836 3782 illurn
873 3717 1077 3802 excipiebant
1109 3719 1207 3782 rerba
1240 3719 1348 3782 sedem

176 3838 178 3848 ¹
246 3837 409 3899 mutarent.
439 3834 576 3918 ‘Quibus
597 3814 626 3918 δ’.
639 3837 680 3902 47
704 3833 820 3899 additis
842 3834 979 3900 Plinium
1002 3836 1047 3898 sic
1062 3835 1227 3920 scripsisse
1251 3834 1349 3900 conii-

247 3946 308 4012 cio:
349 3952 489 4036 ,Dantur
510 3959 542 4016 et
569 3951 778 4016 tussientibus
810 3959 902 4017 cocta
923 3959 956 4016 et
990 3953 1064 4017 trita
1092 3973 1164 4017 curn
1192 3952 1286 4017 melle
1318 3963 1350 4019 et

249 4067 341 4134 cruda
363 4091 436 4134 curn
457 4091 553 4156 passo
576 4070 703 4155 oleique
724 4070 922 4155 parimodo,
954 4076 1132 4152 tterncoctu
1155 4078 1275 4137 arteriis
1297 4093 1349 4138 ex·

249 4194 401 4270 ceperatis,
425 4208 497 4252 cum
519 4193 717 4252 transmeent
737 4186 879 4251 faucium
893 4193 1049 4253 tumorem
1068 4189 1267 4277 calfactuque
1281 4191 1348 4255 obi·

250 4301 293 4362 ter
311 4303 462 4371 foveant!

691 4443 902 4530 55:3,1a

293 4567 343 4648 De
362 4594 533 4660 anserum
559 4572 677 4665 ovis.
780 4571 912 4648 dicturi
1024 4573 1212 4650 debemus,
1230 4571 1349 4650 hono-
1451 4649 1457 4662 ,

177 4804 178 4809 Ν
296 4724 370 4781 rem
396 4713 433 4781 et
459 4707 711 4803 Commageno
739 4705 962 4786 clarissimae
992 4704 1055 4782 rei.
1082 4705 1137 4781 Fit
1163 4729 1211 4784 ex
1237 4705 1347 4806 adipe

1370 4491 1432 4562 638
