3567 5559
581 791 585 798 ⁴
691 710 930 776 osanne.
1087 657 1095 670 ‘
1307 705 1370 774 ros

243 911 348 993 GV)
391 915 545 976 maras
575 907 771 1008 intends,
802 901 1409 1000 dalmtuodmtusinrllless,

241 1037 305 1094 tur.
351 1026 574 1094 Soribendum
596 1032 647 1090 est
677 1026 776 1110 igitur
795 1023 904 1088 serbis
922 1029 1012 1088 reete
1032 1020 1211 1086 ormano:
1242 1041 1273 1084 a.
1292 1038 1320 1081 e.
1340 1038 1369 1083 e.

237 1168 271 1226 p.
293 1169 325 1212 a.
350 1151 490 1226 emm
510 1156 538 1207 et
560 1150 665 1207 osolla
687 1148 835 1206 odoram
855 1162 1002 1205 verrucas
1019 1161 1092 1220 pap.
1115 1144 1200 1202 tollit.

746 1257 879 1322 Ibidem.
1190 1275 1199 1286 ⁸
1388 1249 1453 1316 514

292 1380 443 1482 Populi
469 1381 592 1468 [eruut
629 1383 667 1456 et
692 1379 728 1453 in
767 1376 866 1454 foliis
896 1383 1041 1486 guttam
1081 1399 1130 1451 ex
1166 1396 1241 1472 qua
1278 1393 1370 1472 apes

217 1607 227 1616 ,
292 1514 493 1615 propolim
526 1514 682 1605 rationu
719 1517 824 1610 gutte
857 1531 1007 1607 quoque
1045 1529 1166 1606 aeque
1201 1529 1247 1582 ac
1284 1528 1371 1605 pro·

295 1647 405 1746 polis
435 1671 483 1724 ex
509 1669 607 1746 aqua
638 1642 782 1720 efficax.

333 1800 446 1858 oquae
469 1783 606 1858 propolis
628 1773 747 1857 VN,
788 1776 821 1840 in
848 1795 868 1839 a
894 1775 1011 1840 laeuus
1032 1771 1158 1837 videtur
1188 1771 1314 1850 inesse,
1342 1768 1371 1832 si

245 1895 346 1960 modo
371 1903 466 1982 rpote
488 1896 520 1978 d,
542 1893 629 1981 quod
649 1899 700 1958 est
722 1893 808 1980 apud
830 1893 909 1975 Sill,
931 1894 964 1956 in
988 1913 1008 1954 a
1027 1898 1124 1954 muto.
1159 1885 1371 1953 Soribendnm

249 2019 299 2076 est
320 2014 446 2099 igitur:
479 2027 565 2094 putta
587 2034 705 2094 quoque
726 2023 845 2092 atque
862 2031 954 2092 prop.
975 2029 1002 2072 e.
1023 2031 1053 2072 a.
1075 2030 1100 2072 e.
1132 2006 1184 2070 Ita
1204 2017 1292 2073 lurae
1310 2024 1370 2090 pro

249 2140 316 2193 tare
337 2132 374 2195 in
399 2131 431 2195 V
455 2132 483 2214 ξ.
513 2129 578 2194 102.

709 2269 804 2339 67:
825 2265 921 2352 9Α1ο
1307 2259 1453 2327 515-18
1508 2257 1516 2280 Ι
1541 2269 1545 2276 ’

302 2390 486 2492 Myricen,
513 2415 623 2492 quam
655 2395 791 2471 ericam
819 2401 973 2482 vocant,
1016 2391 1186 2468 lenaeus
1213 2391 1369 2472 similem

304 2527 440 2626 scopis
460 2526 667 2605 'Amerinis

340 2657 536 2726 Orationem
558 2659 604 2723 ita
624 2679 688 2724 non
709 2659 882 2724 cohaerere
903 2660 974 2744 ipse
996 2657 1062 2722 Sill
1085 2656 1196 2736 sensit,
1218 2658 1287 2721 Ian.
1310 2664 1370 2722 iam

257 2775 410 2858 oonieoit,
433 2775 558 2839 facilius
582 2775 775 2872 adsensum
798 2784 830 2840 et
851 2777 940 2840 libris
951 2774 1043 2840 MSS.
1066 2793 1168 2859 aeque
1190 2793 1369 2838 aeoommo·

259 2887 372 2956 datum
387 2897 481 2973 (nam
494 2899 673 2957 subsericam
695 2892 817 2959 habent
833 2892 944 2960 &VT
959 2892 991 2974 d,
1012 2913 1079 2955 eom
1096 2898 1207 2955 ericum
1231 2893 1268 2973 a)
1293 2894 1369 2956 erit:

261 3009 400 3088 Myricen
425 3017 512 3073 etiam
534 3029 559 3074 e.
581 3031 608 3072 v.
638 3010 667 3094 §.
690 3010 731 3076 68
752 3012 849 3076 ceteri
879 3010 982 3103 codd..
1001 3007 1121 3073 habent
1145 3014 1248 3087 pravis
1272 3021 1369 3074 uatem

260 3139 384 3210 namur,
420 3133 708 3211 syracusanum,
742 3129 870 3191 nomine
893 3129 1011 3214 quippe
1039 3130 1166 3211 proprio
1190 3147 1254 3191 non
1277 3127 1369 3193 intel·

263 3237 354 3311 lecto.
379 3245 492 3310 Soribo
513 3251 618 3324 pravis
640 3249 910 3310 Erasistratus
932 3258 1048 3310 auctor.
1070 3244 1100 3330 §-
1121 3245 1162 3311 83
1183 3243 1250 3310 sill.
1273 3245 1369 3311 inter·

262 3358 398 3444 polerit,
434 3382 497 3425 non
529 3363 667 3427 correxit
688 3362 801 3426 Ianus:
845 3362 991 3426 mutilam
1014 3383 1088 3427 esse
1111 3365 1290 3429 orationem
1314 3384 1369 3449 ap·

264 3485 365 3557 paret.
409 3479 521 3544 Talem
542 3479 691 3544 lacunam
713 3480 742 3566 §-
764 3481 805 3546 92
827 3480 935 3544 inesse
963 3478 1103 3545 editores
1126 3489 1370 3566 perspexerunt,

267 3611 359 3675 quam
383 3596 532 3682 equidem
555 3617 618 3660 non
640 3604 714 3681 post
728 3618 757 3662 r.
780 3610 889 3661 uocant
910 3597 968 3661 sed
989 3603 1063 3682 post
1075 3620 1105 3661 v.
1128 3609 1214 3662 aceto
1236 3598 1282 3662 ita
1302 3598 1370 3663 fere

267 3712 459 3796 explendam
482 3734 554 3778 esse
576 3714 810 3779 eDiosooridis
832 3715 903 3779 loeo
915 3714 942 3779 Ι.
957 3715 1016 3781 147
1038 3713 1187 3779 arbitror:
1210 3719 1283 3778 trito
1304 3733 1370 3778 cam

268 3835 345 3892 melle
366 3837 489 3896 elidite
511 3852 576 3896 cum
600 3843 685 3895 aceto
701 3839 889 3913 plerppia
910 3851 1237 3911 panproenasque
1264 3835 1370 3896 cobi-

269 3946 354 4012 beat
386 3969 450 4012 uno
483 3969 578 4013 versu
598 3947 712 4015 XXIX
747 3943 924 4014 litterarum
956 3949 1114 4015 restituto.
1158 3948 1187 4034 S.
1210 3947 1252 4018 94
1269 3948 1371 4016 obiter

269 4079 379 4130 moneo
401 4085 466 4130 non
488 4071 711 4148 erythrodanos
732 4066 790 4132 sed
811 4072 1047 4148 erythrodunam
1064 4065 1267 4133 scribendum
1281 4087 1369 4141 esse:

272 4175 330 4245 hoo
351 4183 435 4250 enim
457 4203 560 4270 genus
582 4191 615 4247 et
635 4182 842 4249 Dioscorides
857 4184 914 4250 ΙΠ.
938 4185 1000 4252 150
1021 4192 1053 4249 et
1075 4191 1184 4276 nostro
1207 4185 1278 4254 loeo
1300 4184 1371 4252 libri

254 4292 356 4380 [MSS.
380 4298 547 4386 praebent.

598 4439 604 4446 ·
695 4424 934 4510 ust=11‚59.

317 4550 393 4630 Ros
419 4551 595 4628 marinum
623 4559 690 4628 est.
744 4551 825 4630 Duo
851 4574 994 4652 genera
1020 4551 1100 4628 eius
1126 4547 1190 4627 rel.

345 4683 452 4748 Primo
481 4684 636 4748 vocabulo
659 4686 756 4749 Ianus
784 4684 920 4748 laeunee
954 4683 1081 4770 signum
1112 4680 1284 4769 prudentes
1312 4702 1367 4769 ap-

1390 4505 1453 4576 bid
