3567 5559
679 725 765 786 too
779 724 917 817 ωτι.

691 951 736 1029 tu
762 973 800 1005 =
826 959 898 1043 23.
961 967 967 974 ’
1370 971 1431 1038 683

214 1097 224 1104 “
281 1083 471 1160 custodit.
490 1090 612 1158 autent
647 1083 760 1160 letum
786 1084 899 1163 Linus
935 1085 1019 1161 lons
1052 1085 1087 1160 in
1123 1086 1252 1162 eudem
1277 1088 1350 1160 Ar·
1379 1187 1383 1199 ι

281 1218 425 1292 cadis.-

181 1411 187 1416 .
318 1354 456 1432 Lepinus
472 1349 515 1413 Rl
539 1353 710 1414 Lectores
731 1350 834 1413 Isidor
856 1349 947 1416 XIII.
971 1353 1010 1418 13
1033 1357 1135 1432 recte,
1157 1341 1194 1415 ut
1214 1349 1349 1433 videtur,

234 1485 253 1526 a
273 1486 304 1528 v.
328 1468 451 1549 λέχος,
474 1488 515 1531 an
538 1472 651 1532 lienus
671 1468 711 1531 ub
734 1467 903 1532 infantium
924 1469 1014 1539 cunis
1038 1468 1226 1553 appellatur.

394 1709 399 1719 ,
701 1638 745 1709 13
772 1669 804 1697 =
832 1641 904 1725 29.
1126 1699 1128 1704 -
1253 1659 1259 1670 '
1287 1651 1433 1720 684-85

278 1769 444 1830 Ueronam.
490 1767 557 1829 Sor.
583 1771 700 1830 Uerona
719 1787 763 1850 ex
784 1768 893 1852 Antig.
918 1765 1041 1851 Guryst.
1063 1767 1114 1833 78.

318 1881 369 1947 lb.
396 1885 440 1949 14
460 1904 517 1968 pro
540 1891 630 1946 Aleos
651 1884 723 1949 eV.
746 1886 807 1953 117
828 1905 887 1949 scr.
912 1889 1015 1948 Alcon.

700 2090 913 2176 1⁷=2‚14·
1370 2067 1433 2136 ⁶⁸⁶

286 2211 503 2314 Polyclitus
534 2216 622 2311 (ait)
666 2216 818 2319 explere
845 2218 919 2296 olei
943 2219 1065 2296 vicem
1101 2217 1202 2293 iuxta
1239 2215 1351 2294 Solos

288 2333 448 2424 Ciliciae
473 2347 647 2448 Lipanrn²
687 2349 965 2454 Theophrastus
992 2351 1066 2429 hoc
1089 2351 1187 2428 idern
1212 2353 1249 2426 in
1276 2353 1352 2428 Ae-

289 2479 440 2582 thiopia
466 2483 633 2559 eiusdem
656 2456 813 2562 nominis
838 2485 989 2576 fontem,
1014 2483 1136 2584 Lycos
1162 2484 1199 2560 in
1216 2483 1352 2562 Tasitia

290 2615 375 2690 eius
416 2614 555 2692 fontem
598 2640 683 2694 esse
727 2621 831 2695 cuius
867 2640 963 2716 aqua
988 2617 1130 2712 luccat;
1157 2659 1203 2673 -
1231 2615 1353 2694 Theo-

290 2770 455 2847 pompus
495 2749 530 2824 in
558 2749 739 2829 Scotussa
777 2751 897 2827 lacurn
925 2776 1010 2829 esse
1048 2751 1136 2828 dicit
1170 2751 1230 2852 qui
1274 2750 1353 2826 vul-

204 2987 208 2994 ·
292 2883 449 2958 neribus
474 2883 653 2964 medetur.
712 2975 715 2980 .

328 3031 442 3096 Verba
461 3032 554 3096 Plinii
583 3034 763 3099 alibrariis
798 3037 1037 3121 editoribusque
1070 3035 1209 3119 pessime
1244 3032 1353 3098 habitu

248 3146 495 3236 interpolatione
506 3149 641 3215 liberare
663 3154 942 3239 Ianusaggressus
966 3159 1025 3238 est²
1041 3172 1145 3237 neque
1156 3158 1263 3216 tamen
1285 3170 1351 3214 rem

250 3262 396 3333 absolvit.
425 3270 473 3331 Ac
495 3270 629 3353 primum
654 3270 781 3357 quidem
809 3272 842 3334 in
863 3271 952 3335 libris
971 3269 1062 3335 MSS.
1086 3269 1166 3332 haec
1187 3269 1351 3354 leguntur:

251 3385 284 3444 Ρ,
300 3392 420 3466 expleri
441 3393 528 3450 iuxta
553 3426 588 3432 -
615 3394 737 3452 Ciliciae
757 3396 868 3467 conani
888 3388 962 3453 VR1
986 3395 1079 3466 unque·
1099 3387 1143 3451 R²
1166 3391 1305 3465 conpruit
1322 3382 1353 3466 d,

252 3515 268 3558 e
289 3505 405 3586 quibus
427 3504 559 3569 verbum
581 3482 676 3585 unque·
696 3505 793 3569 Ianus
814 3513 901 3570 recte
922 3507 1059 3570 restituit
1081 3525 1118 3569 eo
1131 3479 1238 3569 tanren
1254 3502 1353 3566 falsus

253 3620 334 3698 quod
358 3624 393 3685 eo
416 3629 491 3686 ante
527 3631 621 3702 unpui
651 3625 785 3709 intelligi
818 3644 915 3709 posse
946 3623 1080 3709 putarit.
1124 3622 1253 3685 Scilicet
1289 3638 1353 3681 non

253 3717 400 3824 corrupta
432 3746 555 3803 tantum
578 3741 635 3805 sed
668 3763 783 3806 manca
819 3762 945 3826 quoque
968 3747 1043 3804 sunt
1078 3758 1161 3823 quae
1194 3738 1228 3799 in
1260 3732 1352 3797 codd.

254 3855 439 3921 scribuntur.
462 3857 592 3922 Litteris
617 3860 700 3922 enim
719 3866 834 3940 expleri
851 3860 930 3923 nihil
952 3857 1131 3920 continetur
1154 3854 1215 3916 nisi
1237 3871 1352 3915 nornen

255 3970 374 4053 lipari,
418 3982 568 4053 econpui
589 3984 725 4061 quatuor
754 3997 836 4062 quae
860 3976 1046 4041 exciderant
1076 3973 1188 4036 litteris
1224 3970 1353 4036 insertis

179 4138 184 4148 .
256 4091 335 4168 quod
358 4090 419 4155 loci
432 4094 765 4179 sententioflugitntur
781 4095 889 4179 prodit
909 4105 947 4158 ut
961 4099 1042 4157 oleo
1060 4096 1185 4169 utqui.
1207 4089 1290 4154 Tum
1312 4109 1352 4152 no

257 4205 310 4270 hoc
330 4210 459 4294 quidem
482 4211 611 4274 tolerari
632 4211 730 4276 lanus
756 4212 844 4295 vidit,
868 4212 925 4276 sed
948 4230 1043 4304 quum
1067 4230 1084 4272 e
1107 4209 1127 4274 d
1149 4231 1188 4274 uc
1215 4207 1352 4294 scripsit,

257 4317 397 4390 lacunam
431 4328 539 4392 inesse
572 4350 636 4392 non
670 4331 903 4394 animadvertit.
946 4328 1017 4403 Qua
1048 4329 1176 4411 expleta
1198 4327 1354 4408 scriptura

258 4433 402 4508 librorum
424 4451 484 4510 tac
505 4445 549 4508 R1
581 4452 641 4511 huc
663 4447 693 4512 V
714 4448 761 4512 sio
782 4447 987 4512 emendatur:
1018 4450 1162 4521 fucere.
1205 4443 1352 4527 Denique

257 4559 404 4626 inditore-a
419 4570 494 4638 ⁴ctus
522 4564 622 4644 (haec
649 4567 734 4631 enim
754 4564 906 4629 librorum
936 4565 1202 4650 scriptumest),
1236 4559 1352 4624 colluto

259 4671 370 4750 XXIV.
393 4682 453 4748 161
484 4690 517 4748 et
538 4704 577 4748 eo
598 4705 681 4768 queo
702 4684 797 4770 paulo
819 4703 917 4767 supra
937 4682 970 4746 in
991 4680 1119 4744 nomine
1140 4675 1352 4764 Theophrasti
