3567 5559
419 759 483 830 170
832 765 923 832 mn
944 765 1099 831 mm.

469 963 601 1042 sebum
637 985 720 1040 cum
748 963 834 1042 limo
868 987 1002 1064 caprae
1043 971 1079 1040 el
1105 984 1218 1042 crocu
1260 964 1417 1065 sinapive
1451 961 1517 1040 vel

467 1093 634 1173 caulibus
657 1096 819 1173 hederae
844 1097 939 1174 trilis
965 1095 1030 1174 rel.

321 1263 329 1270 ·
458 1227 600 1295 Primum
622 1230 768 1315 copulam
786 1236 861 1295 ante
883 1253 912 1295 v.
935 1250 1024 1296 cerne
1044 1231 1187 1316 ineptam
1210 1237 1276 1294 ete
1298 1229 1446 1315 proximis
1469 1227 1522 1293 lin

417 1347 495 1412 teria
517 1345 733 1433 dittographia
755 1354 856 1413 ortum
880 1348 1060 1432 deleamus,
1093 1355 1163 1413 tum
1184 1348 1297 1413 ultima
1320 1347 1418 1412 verba
1438 1367 1524 1434 quac

417 1464 463 1529 na
483 1473 520 1529 ut
541 1465 679 1530 eduntur
698 1465 732 1528 in
754 1467 842 1530 nuno
864 1464 979 1552 suugu
992 1445 1080 1532 'uuo
1100 1467 1250 1553 reguum
1275 1469 1391 1546 (sinan
1415 1472 1461 1528 vn
1475 1463 1523 1544 v)

418 1595 437 1645 e
459 1581 550 1648 codd.
572 1579 634 1647 Rd
655 1584 877 1649 restituamus:
921 1604 1022 1662 nucu,
1044 1591 1146 1665 sinapi
1167 1606 1234 1650 cnm
1256 1589 1395 1650 cantibus
1417 1584 1474 1648 rel.

335 1701 397 1774 627
813 1706 885 1780 223
913 1703 1122 1780 :ibidem

470 1858 643 1913 verrucas
670 1859 758 1914 vero
785 1834 904 1911 aufert
942 1835 1016 1912 fimi
1042 1835 1185 1913 vitulini
1212 1838 1305 1914 cinis
1332 1859 1377 1913 ex
1407 1842 1522 1924 aceto,

467 1969 559 2046 asini
588 1968 713 2046 urinae
739 1969 864 2068 lutum,

502 2100 587 2176 Quid
608 2102 650 2167 ait
670 2102 772 2168 lutum
793 2102 922 2184 urinae,
950 2103 1077 2188 ignoro,
1106 2103 1230 2167 urinam
1252 2103 1336 2167 asini
1364 2121 1437 2166 cnm
1458 2101 1522 2165 luto

418 2218 532 2284 illitam
561 2221 658 2285 llarc.
678 2218 771 2304 llmp.
795 2240 822 2284 c.
840 2219 985 2286 XXXIV
1007 2219 1219 2285 commendat.
1262 2220 1402 2286 Plinium
1430 2220 1523 2305 igitm

419 2336 588 2421 scripsisse
604 2342 853 2402 consentaneum
870 2341 936 2402 est:

461 2459 542 2518 unni
562 2459 653 2519 irrina
673 2465 708 2517 et
728 2461 829 2522 lutum.

336 2545 401 2615 ⁶2⁸
800 2604 806 2626 ·
845 2578 974 2674 aaa:
992 2576 1109 2662 rana.

423 2723 430 2738 ⁸
469 2700 720 2782 Comitialibus
746 2705 853 2781 datur
891 2712 928 2781 ei
953 2703 1059 2782 lactis
1087 2703 1210 2802 equini
1248 2711 1359 2803 polus
1385 2701 1520 2782 lichen-

470 2838 604 2938 quein
632 2844 740 2918 aceto
767 2837 888 2916 mulso
917 2838 1112 2916 bibendus.
1611 2937 1612 2946 Ν

503 2976 601 3036 lichen
629 2978 699 3052 eqni
718 2970 842 3035 Plinius
870 2971 964 3038 codd.
986 2969 1057 3036 VR
1084 2969 1267 3036 auctoribus
1290 2970 1433 3056 scripsit,
1462 2989 1519 3034 non

421 3089 524 3174 magis
552 3089 606 3152 ille
635 3087 763 3176 quidem
792 3088 973 3173 elegantiae
1003 3089 1174 3153 consulens
1196 3109 1292 3174 quam
1322 3108 1394 3152 cum
1417 3089 1445 3172 ἓ.
1465 3087 1520 3154 227

419 3212 595 3283 snnnrdnem
616 3211 727 3270 asinini
743 3212 822 3286 pulli
842 3226 882 3270 ex
904 3213 982 3287 nino,
1010 3212 1078 3270 item
1098 3212 1198 3282 fimum
1220 3211 1328 3272 asinini
1345 3211 1422 3286 pulli
1443 3225 1521 3270 com·

423 3321 621 3408 memorarit.
1402 3292 1407 3301 .

340 3441 503 3533 cla—30,
846 3440 1113 3533 232=17‚68.

471 3572 697 3680 Hydrcpicis
723 3572 918 3649 auxiliatur
943 3573 1047 3650 urina
1071 3575 1161 3675 apri.
1310 3657 1318 3668 ‚

505 3702 534 3771 E
565 3705 673 3770 Dione.
702 3705 742 3771 ll.
772 3701 813 3771 99
846 3702 940 3787 αἶγός
969 3705 1007 3771 δὲ
1039 3704 1175 3794 (οὖρον)
1212 3703 1354 3789 ὕδρωπα
1387 3733 1417 3770 κ.
1442 3731 1467 3770 τ.
1492 3707 1518 3770 λ.

424 3824 627 3892 scribendum
650 3830 700 3888 eet
722 3829 811 3921 urina
834 3829 930 3903 cupri.
954 3822 983 3907 §.
996 3822 1058 3890 235
1068 3821 1139 3888 'non
1160 3830 1208 3888 vel
1226 3822 1283 3888 sed
1301 3827 1346 3900 sel
1365 3812 1517 3908 lannlego

423 3926 608 4007 melioribus
629 3940 792 4007 codicibus
813 3939 1049 4027 obtemperans.

340 4102 402 4170 631
821 4065 904 4155 '239
930 4100 969 4136 =
999 4080 1116 4173 rara.

474 4206 702 4306 Sanguinem
728 4210 823 4316 sistit
850 4269 858 4285 .
885 4269 895 4287 .
923 4268 931 4287 .
960 4234 981 4286 e
1007 4211 1092 4290 fimo
1135 4209 1228 4285 asini
1274 4208 1365 4285 cinis
1404 4207 1513 4286 illitus.

474 4338 670 4418 Efficacior
696 4341 753 4416 vis
774 4341 970 4418 emaribus
996 4348 1103 4419 aceto
1130 4341 1293 4418 admixto
1322 4347 1359 4416 et
1384 4341 1420 4416 in
1444 4340 1513 4418 lana
1607 4331 1608 4334 ‘

474 4475 522 4551 ed
548 4493 657 4552 cmne
682 4471 903 4573 profluvium
916 4475 1100 4575 imposito,
1127 4473 1293 4551 similiter
1319 4495 1366 4549 ex
1394 4472 1511 4572 equino

477 4607 596 4708 capite
623 4614 661 4687 et
685 4604 820 4682 femine
846 4613 909 4681 aui
936 4605 1006 4682 limi
1038 4607 1232 4685 vitulorum
1260 4607 1351 4684 cinis
1377 4607 1440 4683 rel.

443 4791 450 4804 .
509 4746 619 4825 amitis
642 4741 731 4824 VR,
753 4743 895 4818 feninan
916 4738 961 4804 R¹
984 4743 1125 4816 sannam
1147 4739 1276 4823 VRld,
1310 4737 1397 4806 unde
1418 4759 1509 4807 conra-
