3567 5559
464 551 508 619 at
938 549 1039 616 Liber
1062 547 1104 617 V.

462 735 641 822 archetypi
662 733 742 801 iude
764 734 925 821 descripti
948 745 1141 802 contextum
1159 743 1335 820 receptam
1356 755 1437 802 esse
1458 735 1562 801 existi·

461 877 560 924 mem.
603 854 761 922 Ceterum
778 855 812 920 in
834 855 1061 941 praecedente
1083 855 1255 921 enuntiato
1276 874 1341 940 quo
1357 852 1563 941 urhisGynici
1614 933 1615 956 Χ

463 974 549 1042 situs
572 974 783 1056 describitur,
805 975 968 1038 immerito
985 973 1054 1043 Sill.
1073 974 1214 1039 lacunae
1238 973 1381 1060 vestigia
1404 971 1563 1060 quaesivit.

463 1093 589 1160 Verbis
616 1093 702 1157 euim
728 1093 853 1177 „cuius
881 1114 902 1156 a
924 1093 1052 1157 vertice
1079 1112 1176 1158 mons
1206 1092 1426 1177 Dindymus“
1459 1099 1565 1155 vertex

465 1211 578 1298 oppidi
611 1213 712 1295 (nam
739 1210 898 1295 oppidum
923 1209 1118 1293 pronomine
1147 1211 1289 1276 relativo
1316 1208 1499 1296 significari
1517 1228 1566 1291 ap·

466 1330 585 1417 paret)
612 1341 666 1394 est
689 1348 770 1414 pars
796 1325 893 1393 altior
914 1326 1056 1391 civitatis
1078 1347 1165 1411 quae
1188 1329 1290 1395 monti
1311 1328 1479 1394 Ursorum
1500 1345 1567 1391 sese
1614 1345 1615 1398 i

465 1448 630 1536 applicat,
660 1465 751 1532 pone
773 1465 871 1531 quem
893 1444 1081 1530 Dindymus
1103 1445 1281 1512 extollitur.
1327 1445 1475 1534 Cyzicus
1494 1445 1567 1511 enin
1614 1441 1615 1532 l

464 1569 585 1650 partim
612 1584 675 1649 per
699 1583 854 1648 campum
882 1565 1126 1629 extendebatur
1157 1569 1278 1650 partim
1308 1578 1457 1633 montem
1484 1581 1569 1648 quem
1614 1535 1615 1562 1

458 1678 602 1768 ’Λρκτων
623 1676 697 1769 ὅρος
719 1681 843 1748 Strabo
865 1681 938 1746 Xll.
961 1703 993 1766 p.
1009 1681 1082 1748 596.
1104 1683 1264 1769 appellat,
1289 1684 1404 1770 aliqua
1422 1705 1463 1750 ex
1483 1689 1570 1767 parte

466 1801 667 1886 occupabat.
719 1800 823 1867 Redit
850 1800 1095 1868 Artacaeorum
1118 1821 1241 1868 nomeu
1263 1803 1293 1889 §.
1312 1803 1383 1887 151,
1415 1802 1472 1868 ubi
1496 1801 1571 1864 iuter

388 1934 450 2000 112
466 1930 597 1998 insulas
613 1929 726 2019 Cyzici
741 1930 871 1998 vicinas
892 1941 1130 1996 enumerantur
1155 1923 1304 1999 Halone
1325 1949 1410 1998 oum
1433 1917 1570 2021 oppido,

468 2059 689 2161 Delphacie‚
714 2059 917 2159 Polydoro,
945 2061 1154 2135 Artacoeon
1182 2083 1265 2134 oum
1293 2059 1446 2161 oppido.

552 2193 689 2258 Fuisset
710 2193 810 2276 igitur
832 2182 965 2257 tertium
989 2194 1087 2257 etiam
1109 2195 1266 2278 oppidum
1277 2196 1403 2260 Artace
1427 2185 1572 2258 ininsula
1614 2277 1615 2286 ἵ

469 2311 677 2394 cognomine.
725 2308 836 2393 Atque
863 2309 953 2372 hanc
979 2311 1110 2392 quidem
1137 2310 1230 2374 novit
1252 2311 1376 2376 Strabo
1398 2309 1470 2388 Ι.Ι.,
1495 2303 1573 2393 oppl-
1614 2331 1615 2394 1

470 2429 545 2492 dum
567 2447 634 2490 nun
656 2438 911 2502 commemorat,
945 2425 991 2489 ita
1014 2436 1050 2489 ut
1069 2427 1125 2490 vix
1145 2427 1223 2490 mibi
1246 2427 1489 2511 persuadeam,
1521 2442 1573 2490 um
1614 2395 1615 2420 ³

469 2545 653 2628 eodemque
676 2541 752 2607 loco
776 2541 902 2627 duplex
925 2562 966 2608 eu
986 2545 1119 2608 nomine
1134 2544 1242 2610 fuisse
1254 2547 1426 2630 oppidum,
1444 2545 1574 2610 alterum
1614 2631 1615 2636 ἵ

448 2665 501 2768 ⁸in
524 2662 702 2749 peninsula
713 2660 970 2748 Cyzicenorum,
993 2661 1133 2728 alterum
1154 2665 1187 2729 iu
1210 2664 1319 2731 insula
1337 2666 1449 2734 situm.
1469 2713 1476 2726 .
1497 2665 1573 2738 Qua·

469 2793 609 2870 propter
636 2781 789 2847 scribere
821 2779 932 2845 malim
959 2779 1123 2866 Polydoro
1143 2783 1332 2849 Artacaeon
1359 2806 1435 2850 cam
1459 2779 1571 2870 oppido,

469 2901 603 2967 scilicet
639 2899 810 2985 Polydora
840 2899 1021 2969 nominato.
1085 2891 1286 2986 Polydorum
1320 2904 1407 2967 enim
1442 2898 1570 2968 insulan

468 3040 578 3104 prope
597 3015 760 3102 Cyzicum
782 3017 879 3082 sitam
905 3016 1010 3086 fuisse
1033 3019 1168 3085 tradidit
1183 3019 1376 3104 Stephanus
1391 3043 1422 3092 s.
1434 3043 1478 3100 v.,
1495 3033 1569 3105 quae

470 3139 602 3224 quidem
624 3135 725 3201 facile
747 3135 819 3200 fieri
852 3138 957 3219 potuit
978 3149 1014 3202 ut
1036 3137 1279 3204 Artacueorum
1301 3161 1379 3206 esse
1402 3141 1570 3206 diceretur.

470 3253 638 3318 Graecum
658 3265 768 3318 autem
791 3254 970 3336 genitivum
989 3272 1009 3316 a
1027 3252 1130 3318 Plinio
1147 3255 1314 3323 Graecum
1335 3269 1508 3325 auctorem
1527 3271 1568 3318 so

470 3380 548 3446 cuto
576 3369 727 3435 adhiberi
756 3372 830 3455 quis
857 3369 1013 3433 miretur?
1065 3371 1192 3435 Verum
1216 3372 1348 3439 dubiam
1371 3397 1448 3444 eam
1475 3371 1570 3441 conie-

471 3499 598 3579 cturam
624 3486 669 3549 ita
696 3486 850 3571 profero,
883 3496 919 3549 ut
948 3485 1021 3570 ipse
1049 3488 1204 3553 dubitem.
1255 3489 1439 3579 Aliquanto
1466 3497 1493 3585 §.
1510 3485 1568 3568 133·

470 3605 689 3672 confidentius
719 3624 781 3689 pro
802 3602 979 3667 Malianda
1009 3607 1221 3672 scribendum
1246 3630 1324 3676 esse
1354 3636 1482 3684 censeo
1503 3608 1569 3676 Ma·

469 3722 608 3807 riaada,
633 3723 722 3788 unde
745 3721 1041 3810 Mariandynorum
1069 3745 1191 3791 nomen
1219 3729 1351 3796 ductum
1374 3754 1456 3802 esse
1477 3745 1567 3816 appa·

469 3856 533 3911 ret.
550 3914 557 3928 ,
578 3841 803 3929 Mariandyae
824 3844 889 3909 iam
912 3841 1103 3912 Harduiuus
1126 3847 1329 3916 coniecerat.

391 3984 453 4050 ua
885 3997 1166 4094 150=32,4a

594 4129 681 4204 dein
702 4131 935 4208 Naulochum
961 4137 1273 4233 promontorium
1298 4137 1463 4218 Eetiae
1488 4145 1565 4212 tem·

517 4264 619 4362 plum
644 4264 821 4365 Neptuni.

552 4399 588 4463 ln
617 4398 843 4466 describendo
870 4399 1026 4486 Bosporo
1051 4403 1178 4471 Plinius
1209 4425 1284 4472 eum
1306 4409 1455 4476 ordinem
1484 4403 1563 4470 tenet

467 4528 505 4584 ut
529 4539 551 4584 a
580 4517 783 4603 Propontide
810 4518 949 4612 incipiat
975 4530 1009 4587 et
1033 4523 1293 4608 septentrionem
1327 4548 1450 4598 versus
1476 4524 1563 4592 lotot
