3567 5559
448 719 491 788 60
883 721 974 784 liter
1005 721 1130 784 XVIII.

500 938 680 1015 sporgere
704 921 826 992 autem
862 915 963 1015 prius
990 937 1098 1013 qnam
1123 921 1268 991 arescat
1288 922 1352 989 aut
1375 915 1474 990 iacto
1501 937 1555 990 se-

401 1093 407 1100 ·
500 1048 618 1138 mine3
644 1048 676 1124 si
702 1049 796 1126 haee
822 1049 960 1126 omissa
985 1049 1031 1125 sit
1052 1049 1281 1168 stercoratio,
1309 1070 1476 1146 sequens
1492 1055 1554 1136 est,

390 1183 401 1202 ⁸
501 1182 713 1282 priusquam
739 1182 865 1273 sariat,
888 1183 1013 1258 aviarii
1040 1167 1207 1282 pulvere.

532 1313 774 1380 EOolnmellae
791 1315 862 1379 loeo
883 1315 923 1380 Il.
947 1314 988 1381 16
1009 1314 1148 1378 Plinium
1170 1310 1408 1377 emendandum
1430 1333 1507 1378 esse
1528 1319 1556 1376 et

449 1431 637 1496 Harduinus
661 1438 693 1494 et
713 1453 816 1518 nuper
836 1435 934 1497 Ianus
953 1434 1037 1497 bene
1059 1433 1296 1514 intellexerunt,
1319 1451 1454 1518 quorum
1480 1431 1556 1494 alter

450 1569 533 1635 quae
547 1550 589 1612 ad
611 1551 802 1614 sententiam
824 1551 1007 1614 necessarie
1029 1550 1090 1614 sibi
1112 1549 1312 1632 videbantur,
1336 1550 1479 1613 violento
1503 1549 1554 1612 im·

450 1674 527 1752 petu
537 1667 673 1748 infersit,
696 1668 777 1732 alter
789 1689 888 1732 unum
902 1668 982 1733 vidit
995 1670 1133 1754 egregie,
1157 1653 1197 1732 db
1212 1666 1372 1744 Harduini
1382 1665 1555 1752 interpola·

450 1785 538 1850 tione
559 1806 623 1850 non
646 1786 738 1850 eavit.
782 1784 959 1849 Columella
982 1792 1112 1850 auotore
1133 1785 1256 1849 Plinius
1278 1791 1311 1848 et
1330 1785 1556 1869 tempestivam

451 1904 714 1969 stereorationem
748 1910 781 1967 et
809 1904 932 1966 satione
966 1905 1031 1968 iam
1069 1903 1156 1968 faeta
1190 1901 1365 1966 secundam
1398 1902 1555 1965 rationem

451 2021 665 2103 commendat,
688 2028 773 2104 ,ante
795 2041 891 2106 quam
911 2013 1016 2086 'sedas
1038 1994 1131 2086 more
1149 2021 1335 2085 seminantis
1364 2040 1405 2083 ex
1427 2019 1556 2083 aviariis

450 2139 615 2224 pulrerem
637 2139 785 2204 sterooris
806 2159 864 2224 per
886 2145 1032 2228 segetem
1057 2138 1249 2224 spargendi‘
1291 2137 1435 2202 Priorem
1459 2137 1555 2200 ratio·

450 2275 524 2318 nem
545 2256 691 2319 oodionm
713 2255 850 2320 lectione
871 2277 942 2319 ores
964 2256 1134 2341 significari
1155 2255 1253 2320 Ianus
1277 2255 1397 2340 optime
1412 2253 1555 2318 animad-

451 2373 559 2435 vertit:
583 2391 665 2456 quae
688 2380 864 2457 sequuntur
886 2374 929 2437 ad
943 2375 1076 2437 alteram
1100 2379 1262 2458 spectant:
1285 2383 1338 2435 out
1362 2372 1471 2458 (quod
1494 2393 1553 2436 non

450 2509 530 2572 opus
553 2495 658 2552 estut
679 2511 750 2554 oum
771 2492 848 2555 Iano
869 2491 902 2554 in
926 2496 1125 2570 aemuletur)
1151 2497 1232 2555 iacto
1245 2496 1361 2572 semine,
1384 2496 1412 2554 ri
1424 2494 1462 2553 t.
1487 2511 1514 2552 o.
1533 2511 1555 2552 s.

448 2628 473 2669 s.
490 2628 515 2668 s.
538 2625 562 2669 e.
582 2613 758 2687 unusquam
780 2614 879 2671 soriut
893 2613 1004 2686 (seriae
1020 2607 1057 2692 a)
1081 2619 1150 2670 unte
1162 2615 1320 2686 pulverem.
1354 2607 1415 2670 His
1435 2606 1554 2670 ultimis

409 2713 414 2724 ’
450 2723 555 2788 verbis
578 2723 680 2788 Hard.
704 2723 745 2788 ad
767 2745 898 2789 sensum
919 2732 1005 2789 reete
1029 2724 1086 2802 (ol.
1100 2717 1205 2790 XVII.
1220 2723 1277 2806 50)
1302 2730 1415 2788 antarii
1429 2732 1554 2803 pulum

451 2841 630 2924 substituit,
664 2841 749 2928 quod
774 2842 829 2906 ubi
868 2842 1053 2925 admiseris,
1088 2862 1160 2906 oum
1186 2840 1265 2905 Iano
1296 2847 1397 2934 sartor
1432 2841 1552 2905 seribss

451 2967 586 3045 oportet.
639 2959 758 3023 Verum
794 2959 954 3046 quomodo
988 2959 1069 3023 haee
1096 2958 1196 3023 verba
1233 2965 1457 3023 construantur
1500 2979 1551 3021 ne·

451 3075 528 3158 seio,
550 3096 654 3160 neque
672 3075 844 3162 quidquam
864 3075 1048 3140 dissimilius
1060 3058 1334 3161 reperio'vooibns
1352 3087 1420 3140 onte
1434 3081 1468 3138 et
1490 3079 1550 3136 ovi·

450 3198 519 3257 orii.
564 3192 752 3287 Soilioet-eo
774 3200 950 3278 peccarunt
971 3194 1031 3257 viri
1047 3171 1138 3258 dooti
1159 3192 1245 3278 quod
1267 3198 1448 3272 mutarunt,
1472 3211 1551 3276 quae

451 3310 630 3394 supplenda
651 3317 751 3373 erant.
795 3309 1007 3374 Desideretur
1029 3311 1114 3374 enim
1151 3311 1325 3375 infinitivus
1347 3309 1437 3373 verbi
1459 3315 1551 3394 aptus

450 3446 470 3487 a
491 3446 520 3488 v.
542 3445 669 3503 sequens
685 3439 738 3508 est,
763 3447 825 3514 quo
848 3399 1210 3508 aecusativusbulverem
1231 3401 1371 3513 negotiu,
1394 3425 1551 3491 intercidit

349 3589 352 3593 .
452 3547 559 3604 autem
580 3562 643 3605 uno
666 3562 762 3607 versu
782 3543 912 3608 XXVII
939 3545 1116 3608 litterarum
1141 3545 1270 3609 omisso.
1304 3544 1418 3619 Quem
1441 3547 1549 3607 sinon

367 4187 429 4257 363

449 3679 525 3724 vere
562 3666 595 3723 at
637 3659 845 3744 probabiliter
887 3667 974 3726 oerte
1017 3662 1062 3725 sie
1100 3661 1280 3727 restituisse
1313 3659 1434 3742 video,
1479 3677 1548 3722 oum

451 3776 572 3841 soribo:

1198 3855 1209 3881 b

491 3908 545 3959 oret
566 3901 585 3959 i.
602 3919 627 3959 s.
648 3918 672 3959 s.
694 3900 725 3958 b.
749 3915 777 3958 o.
798 3917 822 3960 r.
842 3887 870 3959 s.
892 3917 917 3957 s.
935 3913 960 3983 a.
979 3899 1155 3974 priusquam
1166 3901 1303 3958 satiatur
1324 3916 1370 3958 ex
1392 3895 1546 3957 solariis

490 4000 679 4057 seminare
695 4006 869 4074 puratum
890 4005 961 4057 uoto
978 4001 1138 4072 palomar.

872 4149 941 4222 194
956 4183 1002 4214 =
1015 4150 1134 4238 235&

364 4330 368 4337 ,
440 4349 444 4354 ,
498 4277 635 4350 lustum
674 4283 732 4352 est
757 4274 924 4375 singulas
965 4277 1083 4354 vehes
1122 4277 1195 4354 fimi
1235 4279 1386 4356 denario
1425 4279 1477 4354 ire
1510 4275 1540 4348 in

500 4404 667 4506 singulas
695 4407 861 4508 pecudes
888 4408 1062 4488 minores

532 4538 685 4602 Trioenos
707 4539 777 4603 dies
799 4538 977 4604 Columella
997 4542 1038 4606 II.
1063 4543 1102 4607 15
1125 4549 1281 4622 numerat,
1304 4543 1414 4626 itaque
1437 4538 1538 4606 Pintia·

449 4676 510 4728 nus
538 4662 586 4720 uie
613 4639 725 4724 uirens
753 4657 907 4740 coniecit,
950 4636 1047 4722 Ianus
1078 4665 1154 4724 ante
1188 4680 1216 4722 v.
1243 4665 1381 4740 angulos
1414 4660 1538 4722 inserere
