3567 5559
689 735 779 800 Lt'ber
794 740 831 800 X
834 740 898 802 VH.
931 739 937 746 '
964 834 969 842 Ι

678 968 723 1045 31
752 1001 790 1034 =
818 972 851 1057 4,
878 971 913 1044 3.
1351 967 1430 1050 ⁸304

301 1097 443 1162 Contra
457 1099 486 1182 ἓ.
508 1097 551 1165 30
570 1099 717 1162 lacunam
740 1119 759 1162 a
779 1099 928 1163 Pintiano
941 1097 1117 1184 rectissime
1130 1099 1226 1163 statui
1240 1097 1345 1162 Theo·

207 1217 348 1300 phraeti
373 1217 452 1280 loco
474 1236 561 1279 caus.
583 1217 682 1299 plant.
705 1215 745 1282 V.
760 1218 809 1282 14.
831 1218 851 1283 3
873 1216 1037 1282 evincitur.
1081 1214 1142 1288 Qui
1171 1237 1242 1320 cum
1264 1217 1346 1280 vitet

208 1355 322 1420 prope
347 1333 505 1398 Larisam
527 1331 733 1418 iamrfrigore
757 1332 858 1415 aduri,
882 1334 1009 1397 Aenum
1032 1339 1139 1396 autem
1163 1334 1345 1428 calidiorem

207 1451 344 1516 factam
371 1471 451 1516 esse
471 1452 664 1534 narraverit,
693 1457 826 1537 apparet
852 1449 952 1514 verba
972 1457 1060 1515 recte
1087 1452 1275 1540 a'Pintiano
1298 1452 1345 1516 di·

210 1571 354 1654 stingui.
407 1569 525 1635 Totum
566 1567 663 1653 igitur
695 1569 799 1634 locum
828 1567 874 1631 ita
902 1569 1160 1633 constituendum
1185 1590 1262 1664 esse
1296 1591 1344 1634 ar·

211 1705 344 1768 bitror:
398 1689 441 1760 Ic
456 1657 916 1761 masata‘ctrcatartram
941 1691 1059 1760 ambro
1087 1690 1166 1761 lacu
1187 1692 1345 1784 frtpidtor

211 1826 317 1916 [actu
347 1849 400 1896 aa
426 1827 520 1916 rapio
546 1831 596 1894 est
621 1823 783 1918 chaoque
805 1824 975 1894 desierant
992 1826 1184 1918 praepa-tur
1197 1826 1344 1916 fueraut,

214 1963 294 2030 item
320 1963 420 2030 oa'tca
446 1957 564 2045 aduri,
591 1958 682 2050 qaod
704 1979 772 2027 acc
795 1963 916 2044 adca,
957 1965 1206 2050 coapcrasrt‚
1233 1965 1343 2028 cosr-

218 2099 288 2162 tro
331 2092 526 2162 calorem
560 2091 712 2182 aspari
742 2089 860 2160 Acuca
902 2091 1005 2160 secat
1049 2090 1183 2161 adstote
1230 2091 1369 2162 Hebro}
1459 2107 1462 2113 ·

219 2220 287 2299 rel.
319 2196 485 2300 Scilicet
510 2243 606 2296 unus
630 2241 763 2297 versus
787 2220 824 2294 in
851 2216 1055 2320 archetypo
1083 2223 1282 2302 exciderat.
1361 2299 1363 2304 ,
1494 2201 1497 2206 ’

241 2452 250 2462 ,
304 2354 458 2419 Facilius
479 2353 642 2439 proximus
665 2343 753 2416 Iocus
776 2351 978 2451 emendatum
1363 2386 1424 2453 305

274 2490 329 2564 At
357 2490 398 2564 in
430 2486 665 2587 Syracusano
692 2510 783 2586 agro
816 2485 962 2563 advena
998 2486 1116 2567 cultor
1156 2491 1340 2593 elapidato
1465 2507 1466 2512 '

272 2621 360 2700 solo
392 2621 554 2722 perdidit
580 2619 706 2718 fruges
733 2619 828 2730 lutp,
856 2600 978 2697 donec
998 2624 1157 2721 regessit
1174 2623 1328 2724 lapides.

288 2755 485 2838 ⁴Pintianus
512 2753 564 2818 hic
587 2762 713 2838 quoque
744 2753 855 2816 vitium
878 2752 1015 2834 detexit,
1047 2736 1206 2819 medendb
1228 2759 1340 2844 impar.

230 2865 433 2956 ἒξεπὴγὺυτο
465 2877 547 2954 γοῦν
582 2867 600 2938 ὁ
635 2878 722 2946 σῖτος
761 2869 805 2933 ait
832 2868 1073 2954 Theophrastus
1103 2874 1195 2938 Plinii
1230 2884 1341 2941 auctor

230 3007 313 3054 caus.
336 2991 442 3076 plant.
462 2988 519 3052 III.
542 2989 590 3056 20.
613 2991 642 3055 5.
664 2992 776 3074 Itaque
797 3007 862 3050 non
884 2986 1055 3052 delendum
1078 2997 1128 3054 est
1150 2993 1339 3058 vocabulum

231 3110 287 3170 tuto
324 3129 402 3173 cum
431 3107 599 3188 Pindaro,
637 3105 695 3170 sed
728 3105 961 3190 corrigendum.
985 3108 1047 3169 ·lu
1075 3075 1247 3194 archetypo
1276 3132 1340 3176 uua

232 3225 353 3308 syllaba
389 3232 515 3292 tantum
543 3224 711 3310 legebatur
738 3229 784 3305 lu,
818 3223 902 3286 male
936 3222 1104 3288 alibrario
1121 3247 1159 3302 ¹e
1194 3231 1338 3312 proximo
1390 3304 1392 3312 Ι

233 3344 385 3408 vocabulo
413 3343 447 3407 iu
469 3322 537 3406 late
563 3349 696 3406 mutata.
741 3339 950 3405 Scribendum
974 3348 1023 3407 est
1042 3351 1129 3426 pera,
1165 3351 1261 3412 donec
1283 3351 1338 3414 rel.

236 3459 263 3539 h.
281 3461 323 3528 32
342 3482 405 3548 pro
428 3460 560 3526 dicimus
576 3459 668 3526 codd.
691 3458 718 3522 Τ
741 3459 761 3522 (1
783 3457 903 3523 habent
924 3465 1071 3544 creemus,
1103 3429 1189 3549 huod
1211 3474 1339 3531 senten·
1361 3454 1366 3462 ’

235 3576 276 3641 tia
293 3581 477 3666 requiritur.

663 3769 704 3840 41
739 3792 763 3818 ³³
801 3773 835 3856 5,
861 3771 897 3843 3.
1234 3847 1239 3856 ,
1357 3785 1420 3852 306

284 3893 415 3973 Contra
453 3898 490 3973 in
514 3897 676 3995 Byzacio
705 3900 854 3975 Africae
892 3898 994 3974 illum
1038 3906 1194 3976 centena
1233 3879 1339 4000 quin-

284 4048 453 4130 quagena
471 4030 579 4130 fruge
598 4031 755 4107 fertilem
774 4054 942 4132 campum
964 4031 1085 4122 nullia,
1113 4055 1196 4108 cum
1214 4035 1336 4114 siccus

285 4171 357 4253 est,
394 4162 570 4241 arabilem
595 4165 711 4240 tauris
737 4171 822 4264 pest
846 4165 984 4240 imbres
1017 4165 1081 4240 vili
1108 4166 1225 4246 asello
1253 4179 1289 4246 et
1315 4195 1355 4278 a·

286 4301 382 4386 parte
409 4288 525 4372 altera
558 4296 636 4395 iugi
660 4321 733 4374 anu
760 4320 948 4402 vomerem
981 4297 1149 4376 trahente
1176 4301 1337 4381 vidimus

285 4412 421 4503 scindi(

317 4530 485 4644 Vmgatam
513 4561 701 4644 scripturam
735 4562 882 4627 omnibus
904 4561 1065 4628 codicibus
1097 4565 1332 4652 refragantibus

251 4663 370 4757 Silligius
391 4679 539 4760 retinuit,
561 4678 660 4744 Ianus
681 4685 817 4744 eatenus
836 4683 973 4747 mutavit
993 4689 1029 4748 ut
1051 4689 1146 4762 intrepi
1162 4685 1333 4773 soriborct3
