3567 5559
649 735 738 804 aroer
769 735 926 803 XXVIII.
1281 734 1339 804 161

215 934 318 998 verba
341 955 440 1020 quae
460 941 575 1020 postea
604 936 793 1000 exciderunt
815 936 847 999 in
869 936 1014 1020 margine
1038 934 1153 998 addita
1176 933 1344 998 videantur

217 1069 311 1133 csse,
335 1051 429 1116 haec
450 1053 518 1117 fere
539 1054 572 1116 in
596 1072 634 1116 eo
656 1054 732 1118 olim
754 1057 874 1139 scripta
895 1054 1040 1117 extitisse
1063 1051 1237 1116 concedes:

272 1170 439 1213 sveumon
450 1172 605 1212 PALPEBRA
618 1172 726 1216 SALIVA
738 1174 859 1214 usuam

274 1258 340 1298 ’ΝΒ
358 1259 424 1299 Eos
441 1259 520 1299 HAEC
535 1259 693 1301 CREDAMVS
708 1262 777 1301 ΒΙἸῈ
791 1261 871 1301 ulum
884 1260 962 1301 iubere
977 1267 1014 1298 aur

274 1345 442 1387 EXTRANEI
454 1347 643 1388 mumtuuuv
657 1347 685 1387 sl
702 1347 852 1388 bonumne
885 1349 891 1354 ’

272 1429 461 1474 SPEO'I'B'PVB
474 1434 580 1475 munus
595 1436 615 1473 A
629 1433 756 1476 uv'rmcu
773 1435 872 1475 'IERNA
881 1435 1010 1485 precatione

278 1517 400 1562 Anstu
421 1520 588 1570 ovacuant
602 1521 687 1563 nmos
701 1523 863 1564 RELIGIONE
876 1527 954 1565 mutua
967 1526 1031 1561 tuca-

273 1609 346 1648 TVR-

306 1692 426 1767 Quam
447 1691 733 1777 interrogationem
754 1694 951 1781 indignantis
973 1694 1135 1778 scriptoris
1158 1703 1230 1756 esse
1250 1691 1346 1756 lanus
1425 1758 1427 1766 ,

223 1810 474 1875 animadvertit.
502 1813 547 1874 At
568 1817 634 1875 illos
654 1813 674 1875 i.
698 1831 726 1875 e.
749 1833 813 1876 non
833 1812 984 1893 infantes,
1008 1811 1047 1875 de
1070 1810 1185 1896 quibus
1209 1827 1249 1872 ne
1272 1829 1344 1872 eum

225 1926 396 1992 Gronovio
419 1928 596 2012 cogitemus
619 1928 670 1992 rel
691 1917 823 1992 numero
845 1929 1063 2014 prohibemur,
1097 1925 1155 1990 sed
1178 1933 1343 1990 auctorum

226 2045 483 2129 superstitiones
517 2044 646 2108 defendi
667 2046 789 2109 Plinius
818 2045 933 2109 fascini
954 2045 1108 2130 religione
1132 2044 1176 2107 ait
1207 2044 1345 2127 quinon

228 2160 374 2225 infantes
401 2168 525 2239 tantum
541 2163 598 2225 sed
610 2162 707 2226 etiam
714 2162 947 2247 triumphantes
955 2163 1037 2226 tueri
1050 2161 1198 2226 credatur
1206 2157 1221 2243 ;'
1238 2167 1270 2224 et
1282 2181 1345 2222 ma·

231 2288 282 2341 Ira
300 2279 439 2364 quidem
453 2278 619 2363 religione,
640 2279 686 2342 ita
701 2285 737 2342 ut
759 2279 786 2342 si
808 2279 854 2342 illi
875 2278 990 2344 fascini
1012 2282 1074 2344 vim
1097 2280 1204 2364 pueris
1227 2278 1347 2342 salutad

229 2414 296 2458 rem
304 2397 493 2478 admittent,
506 2416 548 2459 ne
562 2397 646 2480 sputi
660 2395 788 2481 quidem
804 2395 979 2460 efficaciam
989 2397 1042 2482 qui
1056 2396 1215 2462 fascinum
1229 2397 1346 2476 colant,

232 2522 364 2598 negent.
407 2513 445 2576 V.
461 2520 567 2593 religio
589 2514 735 2579 similiter
754 2521 927 2598 usurpatur
943 2514 1032 2598 §.oo
1057 2514 1216 2578 Particula
1238 2520 1346 2577 autem

232 2650 419 2711 quamquam
442 2632 531 2696 verbi
559 2644 679 2694 tueatur
713 2631 949 2697 coniunctivum
981 2633 1049 2716 regi
1087 2652 1150 2696 non
1186 2637 1235 2695 est
1262 2630 1349 2715 quod

235 2748 379 2832 mireris,
403 2748 443 2814 cf.
464 2748 553 2813 XVI.
576 2749 645 2816 161.

315 2866 460 2949 Reliqua
480 2879 608 2951 praeter
630 2889 657 2930 v.
679 2878 813 2948 recipere
834 2888 929 2954 quam
948 2866 1015 2932 Sili.
1038 2866 1140 2930 inutili
1161 2865 1346 2929 coniectura

240 2979 402 3051 (Prellero
424 2983 585 3068 placuisse
607 2984 738 3067 mythol.
761 2986 854 3049 Rom.
877 3007 909 3070 p.
922 2985 982 3050 205
992 2985 1069 3048 satis
1080 2983 1187 3047 mirari
1200 2991 1343 3066 nequeo}

238 3104 416 3179 resipiscere
437 3100 585 3184 tentavit,
618 3103 711 3186 quasi
731 3103 909 3167 insanirent
938 3099 1204 3185 triumphatores,
1237 3098 1345 3162 nescio

241 3218 308 3298 quis
331 3226 409 3282 aute
430 3207 690 3303 Dalccampium,
719 3219 937 3305 Rhodiginus,
967 3226 1002 3282 ut
1025 3217 1091 3282 Sill.
1115 3217 1227 3300 refert,
1261 3220 1346 3281 recte

241 3330 271 3393 in
292 3343 445 3416 respicere
476 3336 628 3418 mutavit,
661 3353 724 3401 nou
756 3344 823 3402 tam
857 3337 1047 3422 corrigenda
1080 3357 1175 3422 quem
1208 3355 1226 3398 e
1258 3333 1346 3397 libris

242 3447 328 3518 MSS.
350 3450 552 3516 restituenda
584 3459 686 3517 erunt.
729 3453 973 3540 Praepositione
1005 3478 1026 3518 a
1057 3474 1140 3541 quae
1168 3453 1201 3516 in
1231 3451 1250 3515 d
1279 3453 1347 3515 solo

243 3563 356 3649 legitur
380 3576 539 3654 expuncta
568 3570 726 3635 fascinum
748 3591 812 3635 non
842 3593 862 3636 a
883 3572 1059 3656 virginibus
1086 3569 1268 3635 Vestalibus
1290 3566 1348 3632 sed

246 3679 331 3749 iestis
343 3686 524 3751 Vestalium
539 3685 653 3752 diebus
666 3688 729 3752 coli
744 3689 873 3753 solitum
887 3709 960 3753 esse
977 3688 1138 3770 discimus,
1161 3687 1347 3772 adquorum

246 3796 398 3868 laetitiam
419 3804 707 3884 concelebrandam
735 3826 832 3890 quum
855 3807 952 3872 ctiam
980 3805 1071 3869 aselli
1093 3804 1347 3881 admitterentur,

248 3935 333 3984 suum
351 3921 475 3985 fascino
498 3921 603 3986 locum
623 3923 724 3987 fuisse
745 3923 942 4008 intelligitur.
964 3923 1045 3986 Turn
1068 3941 1086 3985 e
1109 3919 1179 3986 cod.
1202 3919 1233 3982 lt
1253 3917 1348 3984 lectio

251 4041 348 4110 eudem
373 4039 545 4123 recipiatur
565 4045 701 4123 oportet.
722 4039 805 4104 Nam
822 4045 971 4106 mediana
983 4047 1105 4119 linguae
1117 4059 1214 4126 quum
1235 4037 1349 4102 fascini

249 4156 346 4219 ramira
366 4162 508 4240 vocetur,
530 4156 657 4240 signum
676 4163 708 4221 et
728 4158 834 4244 ipsum
852 4157 954 4223 fuisse
975 4156 1096 4239 debuit,
1118 4159 1239 4244 lingua,
1262 4164 1349 4240 puta,

251 4264 397 4336 llednsae
420 4280 550 4337 exserta
577 4295 660 4360 quae
688 4275 831 4360 posticae
858 4296 970 4341 currus
997 4277 1080 4361 parti
1113 4275 1212 4340 affixa
1240 4273 1349 4339 trium-

252 4383 395 4467 phentem
417 4395 521 4454 ecdem
542 4390 562 4455 i.
585 4411 613 4456 e.
636 4413 721 4477 pone
743 4413 778 4457 se
799 4393 960 4479 respicere
984 4392 1118 4458 iuberet.

325 4505 416 4581 Quae
447 4507 474 4571 si
506 4515 593 4572 recte
624 4509 780 4575 hactenus
809 4509 974 4596 disputata
995 4517 1086 4592 sunt,
1119 4510 1239 4574 Plinius
1273 4507 1351 4572 satis
1425 4551 1431 4568 .

255 4622 374 4702 quidem
396 4626 586 4707 obscuram,
629 4626 773 4691 sednon
796 4627 1012 4713 inelegantem
1035 4627 1137 4692 hence
1160 4629 1350 4691 sententiam

256 4742 412 4827 scripsisse
432 4741 596 4828 putandus
620 4751 685 4807 est:
1088 4831 1127 4896 11
