3567 5559
426 729 489 798 118
513 815 517 822 .
873 729 965 790 aaron
987 727 1096 788 nnn.

509 925 624 992 Nonne
645 943 756 990 ornnes
779 922 906 999 dolores
930 920 972 986 ad
993 940 1108 1006 corpus
1131 917 1326 1005 pertinente
1355 915 1476 985 Scilicet
1492 914 1528 976 ita

427 1053 463 1112 ut
484 1064 549 1111 non
570 1049 693 1107 odorem
725 1040 837 1126 optimi
857 1039 931 1106 libri
951 1038 1011 1103 sed
1043 1043 1178 1103 dolorem
1204 1057 1223 1100 e
1252 1034 1421 1122 proximis
1442 1030 1530 1098 verbio

427 1163 511 1227 melo
533 1161 703 1247 repetitum
727 1154 891 1238 exhibent,
910 1157 958 1221 sio
979 1178 1010 1222 v.
1032 1161 1171 1234 corporae
1192 1155 1244 1221 bis
1264 1155 1532 1238 posueruntquae

362 1318 367 1324 ·
429 1279 534 1364 priore
546 1277 616 1344 loeo
633 1273 861 1342 eDiosooridis
883 1274 954 1338 loeo
969 1273 1130 1352 lI.199in
1143 1277 1303 1348 aurium
1317 1265 1475 1341 mutanda
1486 1270 1533 1354 pst

346 1441 409 1510 4⁸2
593 1454 640 1526 76
666 1475 707 1507 =
733 1452 852 1537 2234.
891 1446 960 1539 (de
987 1444 1144 1522 acantho
1171 1444 1384 1542 loquitur).

480 1579 597 1658 Huius
623 1580 769 1656 radices
797 1641 804 1656 .
833 1636 842 1655 .
870 1577 1049 1678 podagris
1088 1598 1237 1676 quoqne
1262 1574 1469 1669 illinuntur
1490 1567 1537 1644 tri·

478 1725 538 1791 tae
561 1721 599 1790 et
625 1712 828 1789 calefactae
856 1705 999 1790 calidis
1117 1800 1121 1804 Α
1523 1803 1527 1812 ¹

513 1845 634 1913 Calidis
656 1846 712 1932 qni
733 1844 863 1910 morbus
886 1843 1092 1930 significetur,
1114 1862 1207 1907 nemo
1219 1862 1279 1906 nos
1293 1837 1426 1918 docuit,
1448 1848 1537 1915 nequo

432 1972 544 2030 contra
576 1963 842 2031 inflammationes
885 1961 1042 2036 calefacta
1069 1960 1281 2047 emplesmata
1309 1952 1468 2041 adhiberi
1491 1966 1537 2034 pu·

432 2081 576 2146 leverim.
600 2079 706 2155 Quare
727 2079 833 2164 potins
857 2079 1036 2144 eiciendum
1059 2078 1139 2142 illud
1160 2097 1232 2141 esse
1252 2073 1458 2141 vocabulum
1478 2084 1537 2130 oen·

432 2219 488 2262 seo
510 2219 605 2284 quarn
627 2198 659 2260 in
681 2197 1016 2277 carolomannum,
1038 2217 1113 2259 nam
1135 2195 1265 2259 calculis
1286 2189 1444 2257 remedia
1464 2187 1535 2249 intus

431 2322 509 2400 pota
527 2321 661 2400 prosunt
682 2315 787 2398 potius
810 2334 907 2400 quarn
928 2313 1086 2398 imposita.

252 2521 256 2528 ’
349 2514 411 2580 483
873 2518 1104 2604 78:2236,

483 2643 691 2744 Bnprestim
718 2669 853 2745 magna
878 2646 1127 2723 inconstantia
1154 2645 1284 2723 Graeci
1309 2702 1348 2723 ..
1380 2632 1534 2720 remedia

481 2785 664 2878 tamqnam
693 2767 821 2855 contra
848 2803 1032 2855 venenum
1059 2773 1316 2878 prodiderunt,
1358 2784 1399 2854 et
1424 2775 1530 2873 ipsun

1605 2230 1608 2363 ι

346 2924 351 2936 ’
484 2934 617 2989 nomen
644 2911 780 3000 indicio
809 2918 867 2986 est
893 2911 1004 2989 boum
1031 2921 1130 2988 certe
1160 2935 1340 2989 venenum
1371 2931 1472 2986 esse.
1509 2952 1527 2998 .·

514 3043 736 3108 Inconstantia
758 3017 954 3108 Graecorum
981 3065 1020 3108 eo
1041 3045 1186 3129 proditur
1218 3044 1303 3130 qnod
1324 3059 1453 3108 veneno
1484 3033 1530 3095 bu·
1601 3040 1605 3121 g

432 3159 532 3244 presti
561 3165 671 3224 eontra
702 3181 860 3225 venenum
888 3169 1030 3227 utuntur.
1093 3163 1196 3249 htqni
1225 3181 1385 3226 venenum
1420 3171 1490 3221 esse.
1516 3165 1532 3208 θ

431 3277 562 3370 vulgata
583 3277 721 3341 lectione
744 3299 808 3342 non
831 3279 950 3361 elucet,
973 3296 1036 3365 qua
1057 3285 1202 3344 correcte
1223 3280 1375 3371 restituo:

451 3373 548 3454 'etri
569 3397 664 3473 iprum
687 3415 795 3462 noman
817 3404 878 3461 eto.
1360 3375 1375 3384 .

352 3585 414 3653 a
509 3675 511 3678 ,
851 3557 1116 3672 aian

481 3711 528 3789 Et
553 3712 694 3790 iasione
721 3771 730 3789 .
759 3769 767 3790 .
797 3771 805 3789 .
831 3713 960 3793 florem
987 3715 1057 3791 lert
1083 3713 1305 3802 candidum,
1344 3707 1529 3791 concilium

485 3853 630 3924 vocant.
658 3881 660 3888 ’

517 3978 665 4042 Plantam
686 3985 802 4044 rastizen
824 3975 1193 4065 potiusnominari··cum
1216 3977 1373 4042 Salmasio
1394 3975 1525 4045 arbitror,

434 4076 531 4175 quuin
559 4093 663 4158 littere
692 4118 728 4178 o,
758 4117 853 4182 quarn
892 4118 970 4161 sane
998 4095 1097 4159 habet
1123 4095 1363 4180 Theophrastus
1390 4094 1415 4157 Ι.
1438 4091 1484 4160 13.
1502 4084 1526 4163 3⁹

433 4226 518 4270 oeus.
527 4207 569 4290 pl.
580 4211 620 4272 ll.
636 4211 685 4288 18,
707 4212 824 4298 ubique
836 4215 868 4277 in
882 4213 978 4278 Plinii
990 4213 1079 4277 libris
1095 4212 1187 4294 desit,
1204 4213 1314 4276 florem
1330 4205 1524 4276 confidentius

434 4322 557 4388 Graece
579 4332 822 4407 conchylium
845 4331 986 4414 appello,
1014 4331 1035 4394 i.
1057 4351 1084 4394 e.
1107 4349 1238 4415 parvam
1260 4329 1430 4411 concham,
1464 4338 1525 4390 nam

433 4447 599 4524 roncaliam
622 4443 654 4523 in
676 4444 748 4507 RV
770 4432 895 4531 legitur.
941 4447 970 4531 §.
991 4447 1032 4514 83
1054 4447 1184 4512 omnino
1206 4466 1249 4511 ex
1274 4445 1389 4511 iisdem
1411 4438 1522 4531 optimis

433 4558 527 4626 codd.
549 4560 781 4628 restituendum
802 4568 852 4636 est
882 4584 912 4627 v.
930 4570 1136 4670 omnmodmr
1164 4565 1198 4628 in
1226 4564 1332 4628 loennr
1364 4563 1434 4629 dns
1453 4552 1522 4648 qood
1606 4550 1608 4559 '

434 4679 529 4766 vulgo
551 4681 667 4766 legitur
688 4685 921 4746 commendatur.
