3567 5559
715 538 881 606 ldberV.
1311 547 1356 616 83

662 725 934 823 141=sn4o

279 879 475 978 Impetum
502 876 639 953 deinde
665 878 777 954 sumit
795 879 1067 981 Hellespontus
1093 891 1132 956 et
1157 907 1275 958 mare
1299 883 1354 960 in·

285 1013 447 1108 eumbit,
475 1011 676 1088 verticibus
702 1013 856 1091 limitem
883 1015 1051 1112 fodiens,
1078 1018 1197 1094 donec
1227 1020 1354 1097 Asiam

285 1153 484 1250 abrumpat
496 1149 696 1250 Europae3
717 1153 1011 1252 promontorium
1030 1152 1068 1229 id
1090 1155 1353 1256 appellavimus

285 1287 507 1385 Trapezam.

327 1437 519 1502 Subiectum
540 1435 795 1520 Hellespontum
815 1459 894 1505 esse
916 1441 1126 1510 manifestum
1147 1454 1209 1510 est.
1233 1445 1351 1531 Neque

231 1554 327 1622 enim
338 1553 1352 1647 merellellespontoincnmbit,sedHellespontussummavie

231 1673 462 1742 murilluxiuo
470 1695 515 1740 ac
527 1673 732 1758 Propontide
745 1675 918 1758 profluens
929 1680 975 1744 ita
985 1680 1108 1766 ingruit
1122 1683 1204 1748 mari
1211 1683 1352 1768 Aegaeo

231 1803 272 1858 ut
284 1792 379 1860 velut
398 1795 551 1878 pondere
572 1814 635 1859 suo
655 1793 767 1860 undas
786 1815 941 1879 premere
952 1800 1116 1866 videatur.
1138 1799 1352 1886 lta§.lll.se

231 1916 409 1980 concitare
433 1912 641 1998 diciturque
661 1913 946 1984 vehementiorem
959 1919 1116 2003 impetum
1126 1917 1237 1985 faeiat.
1258 1919 1351 2003 Opti·

232 2053 323 2097 mam
344 2054 428 2098 vero
448 2033 646 2099 sententiam
670 2035 774 2098 verba
796 2033 894 2100 sicuti
917 2057 1007 2102 nunc
1028 2035 1187 2121 leguntur
1207 2056 1275 2102 non
1298 2057 1353 2102 ex·

231 2153 395 2235 primunt.
415 2152 568 2238 Namque
589 2152 816 2216 accusativum
833 2171 948 2218 casum
963 2174 1141 2240 numquam
1161 2175 1237 2220 oum
1247 2155 1352 2219 verbo

155 2286 158 2326 ι
235 2269 434 2334 incumbere
453 2271 609 2354 coniungi
622 2280 765 2338 constat.
807 2271 1012 2338 Necessario
1034 2273 1134 2360 igitur
1154 2282 1213 2338 aut
1232 2292 1351 2344 secuu-

156 2405 159 2416 '
236 2389 317 2452 dum
339 2389 436 2454 codd.
458 2390 508 2454 Τὰ
531 2390 746 2456 scribendum
767 2391 830 2456 erit
852 2392 889 2454 in
909 2415 1010 2472 raom,
1033 2405 1090 2458 aut
1103 2393 1191 2480 quod
1215 2392 1259 2456 ud
1277 2389 1350 2458 libri

155 2524 158 2560 ἱ
234 2507 268 2572 R
287 2507 469 2574 lectionem
491 2509 631 2593 propius
652 2511 799 2592 accedit,
824 2513 929 2578 mari
948 2510 1119 2582 incumbit.

1374 754 1436 818 110

638 2679 924 2757 142=ibidem
1345 2702 1430 2772 elll

285 2830 384 2907 Mox
404 2831 540 2930 oppida
560 2831 722 2928 Placia,
737 2832 928 2926 Ariaee,
953 2833 1114 2932 Scylace
1141 2837 1204 2902 rel.

321 2983 446 3047 Arioee
463 2983 637 3060 numenio
650 2981 717 3048 bac
729 2994 822 3050 certe
844 2982 985 3068 regione
1006 3000 1150 3067 prorsus
1171 2978 1353 3043 inauditum

237 3124 286 3168 ex
301 3100 567 3166 memorantem
587 3103 732 3180 videtur,
754 3101 1026 3189 frequentissima
1049 3099 1233 3166 litterarum
1251 3098 1265 3162 l
1280 3095 1353 3162 etl*

239 3220 495 3308 permutatione.
538 3220 584 3284 At
604 3241 688 3286 vero
711 3241 755 3286 ne
775 3220 903 3286 Artace
927 3221 1059 3306 quidem
1087 3240 1128 3284 eo
1153 3217 1229 3283 loeo
1255 3237 1353 3304 quem

237 3341 366 3406 iudicat
386 3339 510 3405 Plinius
532 3341 598 3406 sita
619 3339 691 3405 fuit.
741 3338 814 3405 Duo
841 3341 927 3406 euim
958 3340 1083 3426 oppida
1110 3338 1156 3405 ita
1182 3337 1353 3424 appellata

237 3470 328 3539 sunt,
349 3458 491 3523 alterurn
511 3478 620 3543 prope
646 3456 919 3547 Cyzicumquod
940 3460 1039 3526 modo
1062 3459 1091 3546 §.
1105 3457 1175 3523 141.
1204 3455 1351 3522 nominu-

238 3559 348 3656 bdtur,
370 3575 509 3641 alterurn
532 3577 575 3640 ad
600 3577 739 3643 Pontum
754 3578 920 3645 Euxinum
942 3577 1028 3644 ultra
1047 3579 1176 3662 nigrum
1200 3596 1353 3660 promon-

238 3699 377 3774 torium,
403 3693 489 3759 alias
513 3696 643 3761 Artena
667 3695 720 3762 vel
737 3696 867 3764 Artena
889 3709 1069 3778 vocatum,
1100 3695 1144 3762 cl.
1159 3696 1300 3762 Ptolem.
1311 3692 1354 3758 V.

239 3816 271 3880 1.
279 3815 312 3880 5.
332 3815 493 3880 Neutrum
508 3815 575 3880 buc
596 3816 756 3902 quadrat:
777 3816 920 3882 alterum
940 3817 1027 3880 enim
1048 3815 1093 3880 ad
1116 3815 1290 3893 orientem,
1311 3812 1355 3876 ad

241 3933 452 3998 occidentem
474 3934 613 3999 alterum
634 3936 768 4001 nimium
790 3937 833 4000 ab
851 3931 1026 3998 intervallo
1048 3933 1136 3994 inter
1154 3927 1301 3993 Placiam
1323 3938 1357 3994 et

240 4049 413 4136 Scylaeen
446 4053 556 4117 medio
589 4052 708 4123 abfuit.
768 4055 984 4137 Quapropter
1016 4066 1123 4132 prava
1156 4047 1356 4131 repetitione

239 4169 401 4235 vocabuli
422 4170 525 4254 paulo
547 4192 651 4256 supra
672 4173 773 4256 positi
792 4171 973 4257 irrepsisse
1001 4167 1163 4252 arbitror,
1195 4167 1356 4252 originem

241 4299 354 4355 eutem
376 4290 445 4355 vitii
465 4291 528 4355 etsi
550 4291 728 4356 manifesto
753 4289 1009 4376 deprehendere
1030 4307 1097 4354 non
1119 4288 1233 4372 liceat,
1256 4286 1354 4353 talem

243 4405 448 4486 [creditisne
472 4413 641 4496 auspicor,
662 4411 752 4476 utin
774 4411 904 4476 codicis
925 4408 1074 4493 primarii
1094 4410 1245 4494 margine
1267 4409 1353 4474 seri·

243 4536 364 4610 pturae
386 4528 583 4597 varietatem
612 4549 727 4596 mmor
748 4530 792 4595 od
812 4548 936 4620 aaaron
966 4527 1171 4612 adscriptam
1196 4527 1230 4590 in
1249 4524 1357 4607 ipsum

1105 4658 1150 4722 6*
