3567 5559
875 541 978 609 liber
1002 543 1065 610 VI.

335 745 398 818 lta
839 728 941 804 74:
955 729 1018 826 20,
1034 729 1096 805 23.

464 866 521 944 Hi
546 865 742 959 montium,
776 864 840 964 qui
865 874 1048 966 perpetuo
1077 874 1199 940 tractu
1226 868 1393 943 oceani
1418 893 1527 963 orae

464 1001 663 1103 pertinent,
684 1001 828 1077 incolae
854 1001 962 1078 liberi
990 1011 1028 1077 et
1050 1027 1178 1102 regum
1201 1014 1378 1102 expertes
1400 1004 1526 1080 multis

465 1137 619 1214 urbibus
646 1148 837 1213 montanos
863 1137 1029 1213 obtinent
1056 1141 1183 1236 eolles.

496 1290 545 1353 lta
567 1288 714 1374 Silligius
736 1311 755 1354 e
780 1290 855 1353 cod.
880 1289 912 1354 R
941 1301 1060 1374 aperto
1091 1290 1182 1354 vitio.
1233 1292 1318 1355 Nam
1350 1302 1525 1378 utrumqne

412 1421 506 1473 recte
537 1407 672 1473 dicitur:
693 1408 764 1492 „ad
787 1428 881 1473 oram
906 1409 1101 1494 pertinere“
1125 1418 1158 1473 et
1178 1427 1288 1492 „orae
1309 1411 1525 1494 praetendi“‚

412 1525 630 1612 ‚,pertinere“
659 1549 741 1593 vero
765 1547 941 1614 numquam
966 1548 1041 1592 cum
1066 1527 1177 1590 dativo
1201 1546 1283 1590 casu
1306 1531 1522 1596 construitur.

412 1645 615 1712 Alterutrum
630 1648 729 1732 igitur
748 1647 933 1734 eligendum
948 1649 1023 1728 erit,
1046 1655 1103 1710 ant
1121 1647 1358 1730 „praetinere‘,‘
1379 1667 1451 1711 enm
1469 1648 1526 1710 da.

413 1767 481 1832 tivo
504 1775 562 1830 aut
582 1768 774 1851 „pertinere
795 1769 838 1831 ad
860 1772 988 1832 oram“.
1032 1763 1115 1830 lllud
1137 1763 1325 1831 Salmasius
1339 1788 1374 1851 p.
1388 1765 1459 1832 995.
1471 1787 1525 1831 re.

415 1884 603 1972 cipiendnm
617 1888 740 1952 statuit.
783 1887 848 1961 Qui
864 1907 963 1972 quum
985 1883 1126 1950 inlibris
1142 1884 1224 1950 Mss.
1244 1884 1384 1972 legisset
1413 1886 1528 1947 oceani

414 2028 473 2070 orn
491 2007 672 2093 pertinent,
694 2006 845 2070 seribere
867 2004 972 2071 voluit
1001 2004 1116 2067 oceani
1134 2024 1211 2066 orne
1231 2001 1412 2089 praetenti,
1437 2022 1524 2067 eum·

399 2124 479 2213 'que
500 2135 637 2191 secutus
657 2123 924 2190 estllarduinus.
959 2122 1044 2186 Nam
1065 2121 1153 2187 salso
1166 2118 1523 2206 SilligiusSalmasium

414 2267 474 2308 orn
494 2245 621 2328 legisse
642 2241 756 2307 refert.
801 2239 984 2307 confirmat
1006 2261 1080 2305 eam
1103 2241 1331 2305 coniecturam
1356 2241 1525 2325 scriptura

413 2362 501 2427 Rob.
524 2359 640 2424 oceani
659 2380 719 2422 orn
737 2363 934 2445 proclinent.
984 2361 1222 2426 Verumtamen
1251 2359 1444 2442 pronomine
1472 2381 1525 2426 re·

413 2481 517 2546 lativo
543 2479 658 2564 ,‚qui“
685 2479 822 2542 verbum
844 2478 970 2542 finitum
992 2478 1114 2562 requiri
1133 2478 1290 2570 arbitror.
1345 2475 1413 2539 lam
1442 2496 1524 2542 rero

415 2618 515 2682 quum
538 2596 635 2660 codd.
657 2596 707 2661 'l'd
732 2595 914 2662 exhibeant
943 2595 988 2660 nd
1004 2596 1120 2659 oceani
1135 2619 1195 2659 ora
1207 2596 1383 2683 pertinent,
1405 2595 1524 2660 nescio

416 2736 476 2781 cur
508 2715 718 2780 durissimum
747 2715 964 2781 construendi
993 2716 1125 2780 modum
1155 2713 1260 2779 Plinio
1295 2715 1524 2781 obtrudamus.
1625 2771 1626 2774 ,

414 2837 503 2901 Fieri
539 2836 625 2902 enim
650 2834 752 2900 facile
787 2835 893 2927 potuit
923 2845 958 2900 ut
988 2835 1021 2898 in
1048 2832 1182 2918 reliquis
1214 2831 1305 2898 libris
1333 2832 1453 2897 vocula
1480 2834 1525 2897 nd

415 2957 501 3021 iuter
525 2956 678 3042 syllabas
700 2964 736 3018 tn
757 2967 791 3020 et
812 2976 850 3019 oc
870 2954 1052 3020 excideret.
1101 2953 1216 3037 ltaque
1237 2951 1451 3016 scribendum
1473 2973 1525 3017 ar.
1625 3025 1626 3032 ἵ

415 3074 538 3164 bitrorz
560 3075 619 3169 qni
638 3073 689 3138 nd
712 3074 828 3137 oceani
848 3095 954 3136 oram
973 3071 1149 3158 pertinent.

462 3212 466 3217 ·
500 3191 658 3256 Ceterum
683 3191 763 3255 licet
787 3210 993 3274 magnopere
1017 3189 1096 3253 mihi
1124 3188 1321 3273 displiceant
1350 3193 1525 3270 „montani

417 3308 559 3385 colles“,
579 3309 716 3372 incertis
738 3307 987 3390 suspicionibus
1010 3306 1244 3370 abstinendum
1267 3329 1356 3375 reor.

337 3513 398 3579 123
821 3522 824 3529 ·
840 3493 891 3566 77
907 3529 942 3560 =
957 3489 1105 3568 ibidem.

415 3636 419 3642 ⁸
464 3646 568 3726 Hinc
581 3643 1039 3720 deindeaccoluntlndum
1056 3643 1298 3722 adversum
1316 3647 1528 3726 evidenti

464 3780 776 3860 demonstratione
803 3782 969 3878 Atboae‚
995 3780 1175 3882 Bolingae
1201 3790 1263 3856 rel.

499 3935 700 4020 corruptum
726 3957 805 4003 esse
832 3935 943 4002 locum
974 3933 1047 4020 quis
1069 3953 1136 3999 nou
1161 3931 1275 4000 videt?
1319 3936 1416 4010 Quae
1439 3937 1527 4002 enim

414 4063 468 4120 est
494 4053 627 4118 evidens
653 4054 916 4122 demonstratio?
964 4053 1076 4139 Atque
1103 4054 1170 4120 buc
1194 4056 1302 4139 ipsum
1325 4054 1527 4120 adiectivum

412 4171 487 4236 libri
509 4171 592 4236 Mss.
618 4192 735 4238 omnes
758 4175 923 4258 ignorant.
967 4172 1100 4238 Habent
1122 4175 1225 4239 euim:
1246 4172 1279 4238 R
1299 4169 1452 4236 ndoessos
1474 4194 1528 4238 eos

414 4286 562 4371 cudente,
583 4288 611 4353 Τ
636 4287 796 4352 aduersam
815 4309 869 4352 eos
888 4288 1038 4368 cadente,
1064 4291 1084 4354 d
1105 4288 1280 4355 adversum
1302 4312 1354 4356 eos
1377 4290 1527 4357 cadente.

413 4407 556 4473 Rectam
600 4416 711 4503 autem
748 4406 947 4471 emendandi
985 4407 1072 4471 viam
1108 4407 1284 4494 ingressus
1319 4420 1371 4474 est
1405 4410 1527 4475 Pintia·

414 4546 477 4592 nus
508 4523 562 4609 qni
589 4523 622 4588 iu
649 4523 770 4591 ultimis
804 4524 936 4592 duobus
969 4524 1143 4590 vocabulis
1172 4523 1279 4592 latere
1314 4527 1526 4613 participium
