3567 5559
704 713 796 774 tiber
817 713 850 774 X
857 712 941 774 VIII.
1329 712 1370 784 65

240 904 303 970 ad
328 904 467 970 alterum
488 904 548 968 rivi
571 904 625 989 qui
648 924 689 968 ex
710 925 864 990 aquarum
885 887 1032 970 ductibus
1047 906 1192 989 influunt
1216 926 1234 970 e
1255 908 1370 975 castel·
1414 903 1420 918 ‘

238 1024 297 1086 lis
321 1022 467 1107 privatis,
489 1021 523 1085 in
544 1022 659 1106 quibus
679 1021 748 1086 iure
771 1041 876 1107 aquae
898 1023 1088 1108 impetratae
1111 1044 1131 1088 a
1151 1022 1283 1110 privatis
1306 1023 1370 1088 ccl-

239 1138 460 1224 ligebantur,
483 1138 523 1202 de
541 1159 602 1225 quc
624 1139 694 1203 iure
716 1138 817 1202 multa
840 1138 925 1224 apud
945 1137 1133 1203 Frontinum
1155 1139 1307 1225 reperies,
1330 1139 1370 1206 ab
1438 1225 1442 1238 Ι

241 1254 429 1321 Iordansic
451 1255 485 1319 in
499 1254 617 1338 libello,
647 1254 764 1340 quode
785 1255 920 1341 publicis
935 1255 1061 1320 urbium
1083 1256 1209 1321 Romae
1232 1266 1265 1320 et
1286 1254 1371 1320 (lon-

244 1371 491 1458 stantincpclis
513 1372 765 1457 aquaeductibus
788 1373 870 1458 egit,
906 1393 990 1436 anno
1012 1371 1282 1440 MDOOOXLIV·
1301 1372 1370 1438 dili·

245 1497 378 1576 genter
399 1488 589 1575 explicatae.
617 1490 730 1575 Itaque
751 1489 838 1575 apud
860 1489 1000 1554 Plinium
1021 1489 1098 1554 vitio
1119 1489 1246 1578 quode
1266 1491 1372 1557 vicina

245 1628 342 1673 voce
359 1612 465 1686 pluvia
486 1607 659 1692 irrepserat
681 1606 807 1671 sublato
829 1606 956 1693 legatur
979 1613 1120 1692 oportet:

298 1761 344 1771 —
367 1743 463 1804 eaque
483 1745 564 1804 aqua
582 1730 687 1806 pluvia
706 1729 805 1803 ripert
825 1730 889 1788 vet
902 1728 1036 1805 publica.

682 1892 949 1980 259=28,67.
1390 1888 1450 1960 371

311 2038 438 2115 Herba
465 2081 511 2094 -
536 2081 581 2097 ·-
610 2039 772 2140 pessima
797 2039 974 2128 nummuli
1000 2082 1046 2097 -
1071 2039 1191 2115 invisa
1212 2045 1248 2114 et
1267 2037 1371 2138 equi·
1456 2146 1458 2158 s

312 2171 430 2248 saetis
454 2178 521 2248 est.

345 2301 499 2367 Nostrum
519 2303 624 2366 locum
645 2302 768 2368 Plinius
788 2259 911 2377 XXVI,
933 2293 995 2371 '132
1025 2302 1075 2367 his
1097 2302 1202 2368 verbis
1224 2302 1369 2387 respicit:

253 2421 475 2505 ,equisaetum
502 2419 646 2506 hippuris
668 2419 800 2486 Graecis
829 2420 916 2485 dicta
944 2427 976 2484 et
1009 2421 1042 2484 in
1063 2421 1164 2506 pratis
1190 2421 1371 2512 vituperata

252 2537 383 2620 nobis‘3
404 2537 513 2623 itaque
535 2538 679 2601 neutrius
700 2538 827 2624 generis
850 2538 1018 2624 genetivus
1033 2543 1179 2617 equisaeti
1200 2537 1370 2603 restituen-

256 2655 326 2720 dus
348 2661 408 2720 est.
505 2661 509 2666 '

685 2823 759 2932 261
770 2825 945 2912 :28,67.
1173 2869 1179 2878 ·
1391 2818 1454 2890 372

308 2951 473 3029 Falcium
498 2952 657 3054 ipsarum
680 2945 754 3030 duc
771 2975 942 3053 ¹genera:
968 2952 1132 3028 italicum
1158 2951 1308 3029 brevius
1324 2993 1369 3008 -

312 3083 515 3193 Galliarum·
549 3084 741 3165 latifundia
776 3085 925 3163 maioris
964 3083 1193 3185 cc'mpendii3
1232 3083 1370 3186 quippe

311 3218 455 3294 medias
482 3217 644 3295 caedunt
668 3205 815 3294 herbas.
909 3255 912 3261 ·

346 3349 384 3413 In
405 3349 536 3436 vulgata
557 3350 693 3414 lectione
715 3357 748 3414 et
768 3348 901 3415 verbum
925 3347 1126 3413 desideratur·
1149 3353 1182 3414 et
1202 3348 1371 3434 genetivus

260 3463 430 3549 displicet,
468 3476 718 3553 perruptumque
751 3466 856 3531 locum
897 3485 968 3530 esse
1006 3464 1125 3530 codicis
1161 3487 1181 3531 a
1216 3467 1373 3552 scriptura

260 3587 432 3647 maioribus
464 3589 633 3671 conpendia
670 3582 814 3648 efficitur.
856 3581 971 3668 Neque
1001 3587 1110 3647 tamen
1147 3604 1220 3649 cum
1250 3583 1372 3669 Silligic

261 3699 418 3765 nonnulla
440 3700 540 3765 verba
560 3700 720 3766 excidisse
739 3701 929 3786 putaverim,
952 3721 1024 3765 cum
1045 3719 1112 3764 une
1132 3700 1373 3766 litteramutata

259 3817 360 3881 scribi
371 3824 529 3901 praestet:

304 3939 472 3999 Galliarum
493 3935 655 4011 latifimdia
677 3939 859 4016 maioribus,
895 3937 1085 4014 compendio
1116 3937 1235 4015 quippe,
1255 3938 1371 3998 medias

303 4054 435 4115 caedum
452 4056 573 4118 habas.

262 4166 424 4242 Particula
446 4168 531 4235 enim
551 4173 664 4249 quippe
682 4166 806 4232 Plinius
830 4167 947 4235 ecdem
968 4165 1064 4232 modo
1096 4165 1279 4254 utiturque
1301 4168 1369 4236 iere

261 4290 377 4349 scilicet
390 4284 570 4350 adhibetur.

687 4423 954 4510 2c2=28‚cr.
1388 4456 1451 4526 373

312 4549 391 4626 ltali
416 4550 602 4628 feniseces
622 4573 700 4627 una
714 4572 824 4626 manu
850 4557 991 4628 secant.

345 4686 427 4748 ltalii
445 4684 550 4758 senum
570 4703 611 4748 ex
631 4687 743 4748 dextra
762 4702 825 4748 aaa
845 4702 938 4747 manu
957 4689 1060 4748 secant
1080 4698 1110 4762 a,
1132 4675 1229 4785 italus
1246 4681 1369 4758 fenisex

823 4801 826 4807 '
1173 4793 1194 4860 5
