3567 5559
707 545 806 612 Later
824 546 891 612 IX.
1290 547 1352 614 155
1416 591 1421 603 ·

227 732 395 816 quentius
412 731 536 816 copula
554 753 618 827 que
638 732 724 799 male
744 732 890 822 adiecta,
913 750 1011 818 quam
1035 731 1132 796 etium
1143 733 1186 798 X.
1201 732 1272 798 173.
1291 733 1348 800 da·

223 851 371 916 leudam
395 872 475 918 esse
496 852 691 919 videbimus.
735 853 885 938 Sumpsit
907 853 993 918 enim
1016 850 1105 917 hanc
1126 851 1349 918 narrationem

225 969 366 1036 Plinius
388 973 433 1036 ab
451 970 705 1058 Agatharchide
728 972 775 1036 lt
797 992 855 1056 ap.
868 971 964 1038 Phot.
988 971 1073 1040 Bibl.
1094 970 1168 1050 250,
1191 971 1284 1038 cuius
1301 971 1349 1037 lu·

222 1112 303 1156 cum
329 1091 468 1176 plenius
491 1091 671 1175 descripsit
691 1091 862 1161 Diodorus
882 1092 935 1156 lll.
949 1091 1002 1156 21.
1050 1091 1168 1177 Neque
1188 1090 1273 1155 enim
1293 1110 1349 1154 res
1456 1083 1460 1092 ’

221 1221 354 1294 gestas
377 1221 505 1276 tautum
528 1212 712 1278 secundum
734 1223 895 1278 auctores
915 1233 997 1280 suos
1019 1222 1153 1276 enarrat
1172 1210 1350 1294 Diodorus,

222 1329 291 1393 sed
318 1329 445 1392 iisdem
471 1329 584 1393 verbis
612 1338 712 1415 atque
736 1328 782 1394 illi
805 1331 850 1395 uti
881 1323 980 1396 solet.
1033 1331 1131 1405 Quod
1159 1329 1350 1394 accuratius

221 1442 307 1508 alibi
336 1445 597 1525 demonstrabo,
629 1467 717 1511 nunc
744 1468 810 1512 uno
841 1458 966 1513 tautum
996 1448 1151 1532 exemplo
1177 1446 1349 1515 confirmo.

225 1565 347 1637 Quum
383 1563 470 1628 enim
498 1563 558 1628 Xl.
577 1563 609 1627 2.
641 1564 938 1649 Carthaginienses
968 1586 1011 1630 ax
1036 1565 1130 1631 ltalia
1156 1578 1190 1635 et
1213 1566 1350 1652 Liguria

222 1682 359 1746 milites
381 1683 609 1747 mercenarios
640 1683 805 1748 accivisse
835 1682 1066 1766 perhibentur,
1093 1684 1201 1768 ipsam
1223 1685 1350 1770 Ephori

224 1800 422 1864 orationem
445 1799 644 1883 exscripsit,
680 1821 755 1864 nam
778 1800 884 1885 ipsius
905 1810 1016 1865 aetate
1036 1800 1172 1886 Liguria
1195 1804 1237 1867 ab
1257 1803 1352 1868 ltalia

225 1919 386 1984 discerni
409 1938 475 1981 non
504 1928 646 2000 poterut.
695 1918 744 1980 lta
768 1919 867 2002 igitur
888 1918 979 2001 apud
1003 1916 1186 1983 Diodorum
1207 1920 1352 2004 loquitur

223 2034 528 2122 Agatharchides:
551 2038 583 2102 οἱ
596 2034 630 2103 bl
644 2034 700 2114 τὰς
713 2035 835 2119 νήσους
847 2037 1072 2113 καφοικοῦννες
1087 2035 1246 2122 βάρβαροι
1266 2036 1351 2104 κατὰ

227 2159 350 2222 τοῦτον
371 2151 428 2221 rhu
439 2151 555 2240 καιρὸν
575 2152 698 2240 ἤρε’μα
718 2151 1010 2239 προςνήχονται
1031 2159 1100 2230 ταῖς
1109 2153 1278 2240 χελώναις,
1294 2157 1352 2223 he.

228 2276 361 2340 leniter·
384 2274 557 2338 adnatant.

665 2427 717 2502 80
730 2459 771 2496 =
784 2428 846 2521 25,
862 2427 925 2502 41.

280 2564 494 2664 -quibus
511 2563 787 2639 inhaerentibus
810 2564 954 2664 plenam
976 2563 1095 2640 ventis
1118 2562 1269 2640 stetisse
1290 2586 1352 2638 nu-

282 2725 375 2778 vem
399 2712 609 2800 portantem
635 2727 658 2776 a
677 2701 887 2778 Periandro
916 2713 959 2778 ut
978 2709 1231 2776 castrarentur
1251 2698 1354 2774 nobi·

282 2839 345 2912 les
370 2835 531 2936 pueri,
559 2836 792 2935 conchasque
817 2844 881 2909 ret

319 2985 504 3071 vulgatum
524 2988 726 3071 scripturam
748 2985 885 3049 matha
906 2981 1125 3048 uPerioudro
1146 2999 1234 3066 quae
1255 3000 1276 3046 e
1296 2979 1355 3044 ho·

234 3107 290 3172 nis
311 3105 490 3171 codicibus
506 3103 540 3167 in
554 3101 682 3167 unoR’
694 3103 873 3188 reperitur,
896 3101 1014 3165 merito
1034 3099 1205 3164 Pintianus
1225 3108 1259 3163 et
1279 3109 1357 3180 pust

241 3246 318 3290 euru
337 3223 534 3288 llarduinus
554 3223 727 3309 ceterique
737 3221 812 3286 VV.
821 3220 900 3288 Dl).
920 3229 957 3286 ut
971 3219 1143 3306 glossema
1157 3218 1356 3282 reiecerunt.

237 3341 388 3427 Silligius
421 3353 536 3407 autem
567 3339 678 3405 locum
708 3339 908 3404 lacunosum
940 3357 1020 3402 esse
1050 3346 1145 3400 ratus
1171 3333 1357 3399 Periandro

238 3463 410 3529 Graecum
435 3463 581 3526 dativum
604 3481 685 3526 esse
704 3459 826 3542 voluit,
851 3469 931 3542 pust
953 3477 1050 3542 quem
1071 3453 1235 3520 exciderit
1254 3453 1356 3538 parti-

238 3582 361 3665 cipium
376 3581 504 3644 nimos.
536 3581 581 3644 At
600 3601 685 3645 vero
705 3599 750 3646 ne
771 3579 824 3644 sic
841 3577 974 3665 quidem
992 3575 1193 3641 vocabulum
1215 3575 1358 3658 „pueri‘

238 3699 377 3765 habebit
388 3720 456 3784 quo
468 3696 650 3776 reseratur,
661 3698 727 3762 nisi
737 3697 904 3761 audacem
915 3696 1150 3762 attractionem
1156 3694 1262 3758 Plinio
1272 3693 1358 3760 velis

241 3819 434 3883 obtrudere.
488 3818 590 3900 Ipsos
620 3817 709 3880 enim
734 3824 911 3880 trecentos
936 3829 1064 3898 pueros
1092 3808 1306 3892 Corcyraeos
1337 3833 1360 3878 a

241 3938 427 4004 Periandro
446 3936 580 4002 Sardes
598 3935 645 3998 ad
654 3933 827 4018 Alyatte·
844 3931 970 3998 uiuos
991 3946 1088 4006 cuc,
1111 3936 1149 3990 ut
1167 3939 1360 3996 castraren-

243 4065 305 4136 tur,
325 4056 529 4122 Herodotus
550 4053 658 4120 refert
677 4053 786 4120 [1148
805 4072 880 4138 equ
922 4049 1039 4136 ltaque
1057 4045 1271 4114 ruibmdum
1290 4064 1361 4119 est:

279 4164 472 4262 portatici
491 4194 516 4235 a
536 4171 726 4236 Periandro
743 4179 785 4234 nt
802 4173 1035 4234 “tumr
1052 4161 1176 4230 nebda
1201 4191 1359 4256 pueros.

324 4291 546 4375 Praepositiu
562 4291 653 4354 eni·
672 4311 709 4369 a,
726 4307 817 4373 quae
836 4305 924 4352 saue
945 4285 978 4350 iu
993 4285 1127 4370 optimis
1139 4285 1232 4356 libris
1251 4293 1361 4374 deest,

245 4401 1149 4492 uchmsvideurmuuiqmutumvoeabotuo
1175 4409 1290 4474 ιιίιεκ
1314 4412 1362 4474 is·

246 4533 322 4602 seri.
383 4527 492 4616 §.82
523 4528 673 4614 prinu,
701 4525 739 4592 ni
757 4522 877 4603 sutor,
907 4521 1056 4608 Sillisiu
1084 4545 1227 4610 prum
1258 4529 1363 4594 'nter-

1372 2452 1433 2518 190
