3567 5559
457 543 519 611 1oe
859 545 963 612 tite
981 548 1085 614 XIV.
1106 549 1189 620 XV.

455 729 536 798 itt-t
555 730 643 798 «iim
662 733 708 798 ati
729 733 821 800 banc
839 736 1064 825 uenatione·
1086 734 1237 802 conferti
1279 736 1431 804 Scilicet
1450 735 1559 800 adson-

454 851 524 937 psit
542 871 585 916 en
598 851 765 936 librarius,
782 853 839 938 qui
861 853 960 917 etiam
975 853 1203 921 snevumaiibi
1215 855 1395 924 Tiberium
1418 865 1453 919 et
1472 851 1561 918 inisse

455 981 491 1035 et
515 969 682 1055 appellari
708 970 925 1035 meminisset.
977 969 1107 1045 Quibus
1135 972 1253 1038 eiectis
1273 971 1427 1058 pulchre
1458 989 1563 1036 seven

454 1090 617 1176 principis
643 1101 805 1157 senectus
833 1089 995 1154 iuventuti
1028 1089 1138 1156 bibaci
1169 1093 1370 1175 opponitur.
1430 1087 1564 1154 Alternn

454 1231 586 1296 quoqne
607 1209 779 1294 glossema
803 1208 839 1272 in
867 1209 1100 1292 superioribus
1126 1209 1234 1275 latere
1262 1210 1420 1276 videtur.
1471 1207 1565 1282 Quum

455 1329 541 1394 enim
560 1330 594 1392 in
612 1329 805 1392 universnm
825 1327 1007 1410 epotando
1016 1324 1188 1413 Torquato
1211 1349 1411 1414 cognomen
1435 1327 1565 1392 additum

454 1467 535 1514 esse
560 1447 625 1511 inm
654 1445 848 1510 tradidisset
876 1445 1021 1526 Plinius,
1049 1450 1222 1534 annotavit
1252 1449 1344 1514 idern
1369 1448 1432 1514 iile
1460 1457 1565 1512 acutus
1619 1529 1621 1540 ,

453 1565 709 1653 grammaticus,
729 1577 825 1630 recte
845 1565 935 1630 baud
958 1566 1070 1646 dubie,
1098 1587 1121 1631 a
1142 1569 1249 1634 tribus
1271 1569 1414 1654 congiis
1437 1565 1565 1632 Trienn-

452 1688 541 1772 gium
561 1675 726 1750 vocotum'
741 1705 829 1750 esse.
872 1683 910 1748 ln
930 1681 960 1771 §.
974 1682 1046 1751 145.
1067 1704 1216 1749 sermm
1234 1695 1328 1750 recte
1361 1682 1473 1767 vulgo
1501 1683 1565 1746 ede·

453 1809 566 1883 batur,
588 1805 677 1892 qnod
699 1804 742 1866 nd
765 1801 927 1867 orationis
949 1801 1205 1868 concinnitatem
1226 1803 1323 1869 unice
1346 1812 1473 1891 aptum
1497 1811 1548 1865 est
1619 1819 1620 1894 3

373 1956 435 2020 ott
861 1937 1147 2018 146=ibidem

505 2080 671 2180 'Pergilla
692 2078 866 2155 Ciceroni
886 2077 940 2153 M.
961 2077 1008 2153 F.
1038 2077 1143 2155 binos
1165 2079 1316 2180 congios
1339 2082 1461 2157 simul
1486 2079 1559 2154 hau·
1619 2111 1620 2116 ¹

503 2216 580 2290 rire
600 2215 746 2291 solitum
773 2214 863 2316 ipsi
888 2215 1015 2292 obiicit
1035 2216 1237 2316 Marcoque
1256 2219 1457 2322 Agrippae
1477 2241 1498 2292 a
1517 2227 1558 2289 tc-

502 2354 664 2429 mulento
689 2354 870 2452 scyphum
897 2352 1109 2453 impactum.

533 2486 669 2554 Haereo
681 2488 714 2553 in
729 2487 869 2553 molesto
878 2488 1043 2554 vocabulo
1054 2492 1125 2577 ipsi,
1145 2492 1235 2578 quod
1248 2489 1314 2557 boc
1329 2490 1471 2576 quidem
1491 2486 1555 2550 loco
1617 2507 1618 2529 ³

450 2607 533 2673 ferri
560 2608 615 2671 vix
647 2607 778 2691 poterit
837 2605 951 2680 Quare
978 2614 1035 2670 eut
1063 2607 1107 2670 cd
1130 2606 1316 2693 Agrippam
1345 2604 1553 2674 referendum

448 2726 729 2812 scribendumque
751 2733 803 2789 cst
825 2726 948 2819 ipsique
963 2724 1079 2832 Marco
1090 2727 1134 2809 A,
1156 2736 1214 2792 aut
1233 2727 1322 2814 quod
1345 2734 1517 2813 praestat:
1547 2753 1548 2760 κ

805 2840 943 2907 haurire
961 2841 1090 2904 solitum
1111 2863 1201 2906 esse.

534 2961 673 3030 Solitum
696 2962 781 3026 enim
805 2959 866 3024 snit
888 2958 1047 3065 Ciceroni
1063 2958 1209 3025 haurire.
1610 2978 1617 3089 p

877 3163 1026 3250 mett
1052 3163 1131 3250 XV.

600 3253 617 3288 0

368 3355 430 3428 243
736 3391 746 3412 .
770 3447 774 3454 .
915 3336 1090 3429 6:1‚2

502 3515 541 3528 -
556 3471 692 3571 optimc
706 3481 828 3546 autem
843 3481 946 3544 aetas
962 3471 1291 3571 addecerpendum
1307 3473 1405 3549 inter
1412 3469 1544 3573 copiam
1618 3457 1619 3479 ¹

494 3605 784 3707 bonitatemque,
817 3605 1017 3706 incipiente
1040 3608 1132 3683 baca
1157 3609 1391 3711 nigrescere,
1425 3623 1542 3711 quom

495 3755 628 3823 vocant
649 3744 825 3847 druppas,
853 3743 996 3824 Graeci
1020 3769 1110 3822 vcro
1138 3746 1367 3847 drypetidas.

529 3884 640 3974 ρυαω
667 3905 730 3970 pro
750 3905 838 3949 voce
867 3882 1069 3970 interpolata
1089 3883 1210 3948 Nostri
1237 3884 1375 3970 scripsit
1396 3879 1542 3966 sittigtuo

339 4055 343 4065 .
443 4027 544 4091 quum
564 4018 675 4071 tamen
697 4024 781 4098 quat
803 4003 982 4068 dicendum
1002 4000 1133 4068 fuisset.
1188 3997 1333 4066 Codices
1360 4019 1444 4068 vero
1464 3987 1541 4062 ’Μ
1615 3977 1617 4008 ’

443 4121 602 4190 exhibent
624 4143 715 4197 cant,
745 4118 792 4184 ⁰²
811 4140 888 4211 qum
914 4117 962 4185 θ’
985 4139 1094 4211 quom
1144 4119 1258 4204 ltaque
1279 4117 1370 4183 haud
1389 4120 1486 4185 dubie
1505 4109 1540 4174 lt·

443 4239 587 4326 gendum
606 4249 659 4306 est
678 4260 789 4332 ptum.
842 4236 926 4302 Tum
948 4238 1034 4304 enim
1056 4260 1155 4325 quum
1176 4240 1373 4324 nigrescere
1393 4236 1539 4326 incipiunt

443 4358 563 4433 bacae,
587 4356 737 4440 druppae
758 4353 981 4431 nominantur,
1005 4354 1052 4420 cf.
1067 4355 1137 4420 Xll.
1152 4355 1221 4424 130.

906 4506 1018 4584 9=3
1047 4507 1083 4583 3.
1615 4536 1616 4579 i

364 4547 426 4614 m
496 4648 598 4724 Suus
622 4642 773 4746 quidem
793 4641 912 4721 olivae
936 4561 1050 4722 auctis
1064 4645 1188 4722 oleum
1211 4648 1417 4749 nitidque
1444 4665 1536 4750 prat·
1610 4653 1613 4669 “
