3567 5559
439 553 500 622 184
885 553 986 624 Liber
1008 555 1107 626 XIV.

487 763 583 836 rum,
600 741 787 842 quomodo
803 739 944 820 Graeci
965 743 1193 838 factitavere,
1221 741 1330 819 tertia
1343 750 1457 842 parto
1470 737 1539 814 cius

487 877 586 977 quod
613 901 832 977 expressam
857 877 906 953 sit
928 877 1051 953 addita
1077 903 1194 978 aquae
1221 885 1282 953 rel.

521 1047 644 1114 Loram
665 1049 712 1112 ita
737 1050 808 1115 fieri
831 1051 995 1136 praecipit
1016 1047 1201 1117 Columella
1221 1049 1369 1128 xlt.ttt‚
1401 1057 1440 1112 ut
1469 1063 1548 1131 equa

438 1163 544 1234 dulcis
566 1167 714 1234 vinaceis
735 1168 928 1234 infundatur
950 1171 1080 1236 decima
1104 1181 1199 1256 parte
1222 1170 1288 1236 vini
1310 1169 1406 1256 quod
1420 1189 1487 1232 uno
1503 1167 1549 1230 die

437 1285 562 1351 factum
584 1287 640 1365 sit,
663 1300 762 1374 atque
784 1288 869 1354 idem
892 1289 1111 1356 Dioscorides
1134 1290 1234 1354 tradit
1250 1289 1292 1357 V.
1307 1287 1361 1355 13.
1397 1285 1552 1372 Apparet

437 1404 556 1490 igitur,
585 1405 672 1470 sicut
698 1408 731 1472 in
758 1408 866 1474 altero
886 1429 1014 1496 genere
1040 1412 1171 1478 tertiam
1197 1421 1328 1496 partem
1354 1409 1438 1474 eins
1460 1407 1553 1472 musti

437 1523 527 1610 qnod
550 1543 750 1606 expressam
774 1524 828 1605 sit,
851 1526 930 1591 addi
952 1527 1043 1592 iubet
1069 1527 1211 1607 Plinius,
1235 1529 1280 1592 ita
1303 1531 1335 1593 in
1361 1527 1481 1614 primo
1503 1543 1553 1610 ge·
1615 1567 1616 1571 =

437 1660 519 1706 nere
547 1641 670 1707 deesse
692 1645 905 1724 vocabulum,¹
934 1669 1000 1732 quo
1028 1668 1185 1714 mensura
1216 1668 1325 1734 aquae
1352 1669 1436 1712 cnm
1462 1643 1553 1708 musti

436 1759 592 1846 portione
608 1774 834 1845 comparetur.
873 1765 910 1828 ld
923 1775 1032 1830 autem
1047 1765 1221 1834 manifesto
1233 1764 1293 1834 suit
1312 1787 1429 1866 quam,
1455 1759 1552 1850 qnod,

437 1898 536 1964 quum
564 1876 596 1942 in
617 1877 803 1966 archetypo
827 1903 878 1948 vv.
903 1871 965 1960 nv]
986 1906 1066 1961 oven
1095 1883 1293 1949 coniunctim
1315 1884 1478 1966 scriptae
1500 1898 1551 1941 ex·

437 2004 578 2076 starent,
600 1995 756 2064 facillime
778 2000 849 2065 lieri
871 2002 977 2085 potuit
997 2011 1034 2067 ut
1053 2001 1241 2086 aproximo
1261 1996 1399 2064 librario
1422 1997 1551 2062 omitte·

436 2124 539 2180 retur.
595 2113 720 2180 Eodem
751 2118 851 2182 modo
883 2119 916 2183 in
945 2117 1110 2188 mensuris
1133 2117 1323 2182 indicandis
1353 2113 1548 2182 adverbium

435 2240 583 2320 „quem“
607 2248 787 2321 usurpator
809 2258 828 2301 n
849 2237 944 2304 Livio
968 2238 1037 2303 Vll.
1049 2238 1082 2318 8,
1105 2237 1206 2305 XLV.
1221 2235 1272 2314 18,
1294 2228 1548 2306 columelli&

437 2360 471 2417 et
492 2349 574 2418 aliis.
619 2352 838 2420 scribendum
862 2369 915 2421 est
936 2356 1052 2442 igituir

802 2488 918 2552 addito
939 2512 1053 2584 quam
1071 2514 1166 2585 quae.

356 2703 420 2770 239
798 2672 802 2680 '
850 2657 1130 2755 103=16‚19.

486 2811 622 2887 Vinum
651 2811 692 2885 lit
718 2821 756 2886 et
781 2837 802 2886 e
829 2811 962 2911 siliqua
989 2811 1156 2912 Syriaca,
1185 2837 1206 2885 e
1233 2811 1323 2914 piris
1352 2781 1542 2888 malorum
1610 2836 1616 2893 2*

1608 2900 1615 2985 l

484 2973 556 3049 que
586 2947 754 3024 omnibus
788 2950 1005 3049 generibuS‚
1043 2950 1126 3025 sed
1159 2973 1181 3023 e
1212 2948 1366 3025 Punicis
1398 2949 1540 3026 rhoiten
1620 3055 1621 3068 ἵ

487 3099 632 3179 vocant,
665 3098 703 3161 et
730 3114 750 3164 e
778 3088 900 3164 cornis
927 3097 987 3164 rel.

520 3235 630 3323 Vulgo
650 3235 825 3321 legebatur
846 3259 864 3302 c
885 3239 1021 3303 Punicis
1041 3236 1128 3333 qacod
1147 3235 1275 3301 rhoiten
1297 3247 1431 3303 vocant.
1466 3235 1540 3300 Pro

433 3372 553 3419 nomen
581 3375 658 3421 curn
689 3355 824 3437 optimis
857 3355 949 3420 libris
978 3366 1071 3420 recte
1099 3355 1208 3420 omisit
1235 3352 1397 3437 Silligius3
1432 3371 1539 3418 vernn

434 3485 500 3537 tum
523 3469 788 3552 interpunctione
810 3481 935 3534 motata
958 3473 1052 3535 verbi
1075 3471 1134 3534 sed
1152 3493 1170 3535 e
1189 3471 1323 3536 hutten
1344 3480 1465 3534 vocant
1486 3488 1539 3556 pa·

432 3585 580 3654 renthesi
601 3584 801 3649 includenda
823 3596 934 3652 erunt.
978 3584 1098 3648 Melias
1123 3585 1271 3652 sortasse
1294 3589 1467 3654 scribitur:

474 3729 538 3793 ep.
547 3729 587 3771 m.
598 3727 625 3773 o.
644 3701 828 3795 generalius,
850 3713 888 3768 et
909 3701 1410 3770 chrisis-rhoiten'oocuntss
1433 3718 1466 3770 et
1484 3703 1538 3774 rel.

516 3864 552 3928 ln
575 3862 729 3956 proximo
752 3859 827 3928 loco
850 3860 878 3949 ς.
901 3863 970 3931 104.

483 3998 647 4097 -quod
666 3998 717 4073 itu
739 3998 919 4074 silvestris
938 3999 1049 4099 myrti
1069 3995 1169 4073 bacis
1190 3996 1326 4072 factum
1355 4008 1426 4091 est,
1447 4020 1539 4096 myr-

480 4109 644 4206 iidanum
671 4146 844 4224 vocatur3
877 4133 948 4206 hoc
971 4157 1098 4208 manus
1125 4133 1318 4232 tinguit.
1374 4227 1396 4266 s

431 4320 451 4366 e
485 4298 599 4366 verbis
631 4298 842 4364 Dioscuridis
873 4298 899 4363 l.
936 4296 1004 4364 156.
1052 4296 1084 4364 cd
1118 4297 1151 4365 dl
1189 4298 1383 4386 μυρτίδανου
1413 4302 1537 4390 λεγόμε-

430 4448 490 4487 νον
508 4413 659 4501 ε’πῖφυσῖς
686 4417 773 4481 ἔστιν
800 4416 975 4500 ἀνώμαλος
1006 4415 1063 4481 καὶ
1090 4415 1243 4500 offridus·
1273 4415 1330 4486 καὶ
1357 4417 1537 4504 ὁμόχρους·

431 4536 525 4606 οἱονεὶ
546 4541 649 4623 χεῖρες
668 4531 736 4618 περὶ
762 4533 796 4601 sd
822 4535 876 4616 τῆς
896 4533 1053 4619 μυρσίνης
1075 4533 1213 4621 πρέμνον
1239 4536 1353 4602 ultima
1378 4537 1539 4604 vocabula

431 4655 577 4744 alioqum
592 4651 699 4720 eunio
711 4672 778 4719 non
794 4651 952 4718 aaaron
971 4648 1030 4735 (cf.
1045 4652 1121 4722 xv.
1134 4651 1193 4739 er)
1214 4654 1270 4720 ne
1289 4637 1452 4740 corrupta
1464 4675 1536 4722 ene
