3567 5559
725 546 825 611 Liber
844 548 898 613 ΙΙ.
1320 548 1362 613 25

245 724 493 790 restituendum
521 746 620 791 esse:
645 727 822 796 Athenis
846 732 883 797 V
903 730 1069 799 milium.
1117 732 1292 800 Postremo
1314 732 1360 798 al-

233 855 355 907 ·terum
378 864 537 929 passuum
558 867 631 910 eum
653 851 804 916 omnibus
826 851 926 915 codd.
947 860 1085 933 praeter
1105 850 1138 914 R
1165 863 1198 917 et
1217 852 1360 939 vulgatis

245 960 415 1046 exemplis
435 963 706 1062 omittioportet.
955 942 958 949 Δ

728 1127 884 1203 Ibidem.
1218 1166 1219 1171 ¹
1379 1130 1420 1195 35

299 1302 500 1379 Herodoto
528 1302 676 1401 quidem
709 1300 741 1376 si
773 1303 978 1400 credimus,
1016 1330 1118 1382 mare
1150 1307 1220 1382 fuit
1248 1332 1361 1408 supra

305 1438 505 1537 Memphim
539 1460 660 1537 usqne
693 1438 740 1512 ad
770 1439 995 1540 Aethiopum
1027 1452 1171 1517 montes
1197 1443 1359 1543 itemque

303 1600 325 1648 a
357 1574 508 1674 planis
533 1573 749 1670 Arabiae,
785 1601 887 1651 mare
922 1576 1022 1652 circa
1053 1577 1162 1653 Ilium
1205 1588 1243 1655 et
1282 1590 1359 1656 tota

299 1709 533 1785 Teuthranie
560 1736 705 1811 quaque
728 1737 877 1812 campos
899 1712 1066 1789 intulerit
1091 1714 1306 1792 Maeander.

332 1884 409 1948 Non
434 1904 622 1971 congruere
645 1884 739 1951 Plinii
759 1887 869 1952 locum
897 1907 972 1953 cunr
995 1889 1035 1954 iis
1059 1910 1146 1975 quae
1167 1887 1359 1959 Herodotus

248 2006 286 2069 ll
300 2003 351 2068 10.
362 2015 396 2068 et
409 2004 458 2068 ll.
480 2004 675 2087 disputavit,
703 2004 872 2069 Pintianus
896 2008 1084 2091 perspexit,
1107 2026 1306 2092 quamquam
1327 2019 1361 2075 et

250 2124 328 2207 ipse
350 2124 425 2186 dum
446 2123 481 2185 ia
493 2123 603 2209 planis
623 2125 769 2203 coniicit,
792 2125 955 2191 Herodoti
977 2136 1124 2191 mentem
1141 2146 1208 2191 non
1231 2137 1284 2193 est
1303 2148 1360 2195 as-

153 2322 158 2333 ·
253 2251 401 2309 secutus.
429 2241 562 2307 Scilicet
578 2242 769 2309 Herodotus
791 2244 898 2308 sinum
918 2246 1019 2309 maris
1036 2265 1134 2331 quem
1155 2244 1357 2335 inAegypto

152 2428 159 2445 ¹
250 2360 331 2426 elim
351 2360 522 2427 exstitisse
543 2364 608 2427 sibi
629 2373 858 2448 persuaserat,
881 2362 1121 2443 cumArabico,
1145 2386 1242 2449 quem
1258 2365 1357 2433 talem

151 2452 159 2575 s
245 2489 391 2545 noverat
400 2479 680 2566 qualishodieque
689 2483 905 2566 conspicitur,
913 2481 1121 2565 comparavit
1131 2482 1358 2566 (ciNiebubr.

151 2678 154 2686 ,
248 2600 376 2684 Opusc.
392 2598 658 2684 v01.1,p.150)‚
691 2620 801 2685 neque
834 2600 1009 2665 immanem
1043 2620 1142 2687 quem
1169 2600 1296 2669 Plinius
1327 2603 1358 2669 ei

247 2719 430 2783 obtrudere
444 2718 574 2783 videtur
596 2739 746 2785 errorem
765 2726 910 2804 unquam
932 2719 1107 2789 commisit.
1152 2719 1238 2785 Num
1259 2721 1359 2805 igitur

246 2838 347 2903 huius
370 2837 510 2902 Plinium
530 2836 813 2904 insimulabimus‘l
855 2837 1011 2917 Minime,
1040 2836 1140 2899 modo
1163 2856 1245 2901 vera
1268 2840 1359 2920 apud

249 2978 324 3022 eum
337 2956 441 3023 lectio
457 2958 661 3023 restituatur.
705 2957 843 3022 Scilicet
864 2952 1173 3038 ,‚planaArabiae“
1194 2973 1262 3017 non
1283 2967 1361 3021 sunt

252 3075 288 3137 in
307 3074 482 3157 peninsula
499 3074 647 3139 Arabica
666 3074 748 3158 sita,
781 3044 843 3138 sed
864 3072 898 3136 in
920 3072 1003 3158 ipsis
1024 3070 1171 3159 Aegypti
1197 3070 1358 3140 confiniis.

253 3192 363 3266 Quum
386 3193 469 3257 enirn
489 3194 566 3259 Nilo
588 3214 686 3260 amne
707 3192 859 3258 Africam
884 3192 927 3257 ab
949 3192 1035 3258 Asia
1055 3192 1161 3257 dirimi
1179 3196 1359 3264 arbitretur

248 3310 377 3379 Plinius
391 3312 594 3396 lu.3,v.47‚
616 3313 704 3377 ultra
723 3311 842 3379 ostium
859 3309 1071 3379 Pelusiacum
1081 3311 1240 3381 Arabiam
1261 3318 1359 3383 sitam

248 3447 326 3493 esse
345 3428 502 3513 perhibet
521 3430 566 3500 V.
580 3430 638 3509 65,
665 3450 752 3515 quae
773 3431 929 3495 Iudaeam
950 3433 992 3495 ab
1013 3431 1172 3518 Aegypto
1196 3436 1359 3501 distermi-

248 3558 304 3612 net
339 3548 414 3613 Xll.
440 3548 500 3634 te,
545 3550 728 3635 urbemque
761 3548 958 3634 Heliopolim
991 3550 1140 3617 Arabiae
1179 3555 1358 3619 contermi-

248 3686 324 3731 nam
356 3668 507 3733 nominat
531 3669 574 3733 V.
593 3668 649 3737 61.
701 3672 798 3744 Quae
822 3691 922 3755 quum
946 3668 1020 3733 fere
1048 3689 1067 3734 c
1088 3671 1226 3756 regione
1249 3672 1356 3737 Mem·

249 3783 323 3866 phis
351 3786 418 3850 sita
443 3785 558 3863 luerit,
584 3788 686 3853 maris
714 3786 801 3852 illius
824 3787 945 3851 interni
965 3786 1051 3853 lines
1074 3790 1200 3874 optime
1218 3790 1359 3855 Aethio·

253 3922 327 3983 pum
355 3906 525 3971 montibus
553 3916 587 3970 et
615 3905 765 3972 Arabiae
793 3905 906 3989 planis
933 3905 1175 3971 describuntur.
1217 3907 1359 3975 Librarii

254 4031 360 4085 autem
385 4024 441 4108 qui
467 4023 687 4109 archetypum
716 4022 913 4109 descripsit,
951 4022 1040 4089 oculi
1065 4035 1237 4106 errarunt,
1270 4031 1359 4113 quod

249 4156 348 4202 unum
378 4159 516 4207 versum
542 4143 651 4208 omisit
675 4154 797 4228 postea
823 4153 1046 4228 praepostero
1076 4142 1154 4211 loco
1186 4146 1359 4215 insertum.

250 4255 471 4325 Scriben'dum
491 4272 541 4327 est
565 4262 682 4347 igitur:

290 4439 331 4453 -
353 4425 448 4467 mare
469 4401 536 4490 fuit
553 4426 655 4491 supra
674 4402 852 4490 Memphim
873 4426 895 4465 a
912 4404 1236 4491 planiaArabiae
1255 4421 1360 4497 utque

290 4520 338 4585 «ut
360 4520 557 4608 Aethiopum
577 4531 702 4590 mentes
718 4526 858 4619 itemque
877 4546 970 4589 mure
989 4522 1048 4591 rel.
