3567 5559
440 511 547 605 ton¹
885 506 987 576 nae
1009 509 1108 574 mn

522 693 783 764 enneaconta
805 693 937 780 quidem
968 693 1068 760 decet
1096 705 1262 774 accurate
1296 705 1458 754 mensures
1476 705 1518 749 ar·
1569 694 1573 744 t

439 811 585 900 plicare,
612 812 751 880 Plinium
772 814 804 878 in
825 835 862 878 re
884 813 1077 898 quotidiam
1097 814 1187 878 vitae
1208 807 1462 891 commerciiqaa
1478 823 1521 866 urn
1574 879 1575 882 Ἴ

439 931 615 1000 uodsrtna
635 953 703 1000 aaa
727 934 848 1000 decuit.
897 935 1012 1009 Quare
1034 935 1139 999 verba
1162 932 1264 997 uncis
1286 927 1418 1014 inclusa
1437 925 1472 989 ab
1489 944 1525 986 ao

442 1052 519 1120 dem
538 1050 671 1120 bomine
692 1074 759 1118 aon
776 1055 912 1121 indocto
934 1055 1107 1138 adscripta
1126 1071 1204 1118 esse
1220 1051 1397 1124 existimo,
1418 1040 1528 1129 quanli.

441 1169 496 1236 85.
516 1189 677 1256 meum
698 1172 862 1238 rationem
884 1171 1027 1257 pedibus
1049 1171 1211 1236 Romanis
1232 1165 1454 1251 expressisse
1472 1159 1529 1224 vidi·

443 1309 518 1356 taus
531 1309 564 1372 p.
582 1287 633 1356 13.
656 1288 719 1355 Cui
737 1309 780 1354 ea
793 1311 927 1375 quoque
942 1289 1116 1355 tribuenda
1132 1289 1291 1353 videntur
1308 1303 1399 1371 quae
1410 1283 1532 1346 Senecae

443 1405 613 1472 accidisse
635 1417 824 1474 narrantur.
879 1406 987 1482 Qucum
1010 1409 1096 1472 enim
1126 1407 1250 1471 Plinius
1274 1405 1322 1467 de
1345 1393 1533 1466 Annaeosa

444 1543 540 1604 neco,
561 1523 708 1610 principe
730 1533 799 1588 trem
820 1523 1016 1588 eruditionis
1036 1546 1076 1587 oc
1091 1525 1275 1610 potentiae,
1297 1521 1434 1586 locutus
1457 1523 1534 1584 esaei,

444 1638 500 1707 ilie
522 1638 657 1706 infausti
680 1643 741 1707 viri
763 1641 972 1706 celeberrimi
992 1645 1100 1706 exitus
1124 1662 1250 1706 memor
1269 1634 1458 1719 adscripsit
1477 1651 1536 1721 qtae

443 1765 603 1845 postremo
633 1759 737 1822 nimia
771 1756 838 1844 suit
871 1781 970 1846 super
1000 1761 1124 1845 ipsura,
1158 1760 1273 1825 verbis
1311 1756 1447 1843 quidem
1478 1766 1535 1812 usus

445 1876 606 1962 gravibus
634 1890 669 1942 et
688 1878 796 1961 veris,
823 1878 886 1942 sed
909 1877 963 1942 vix
985 1876 1114 1942 Latinis
1139 1889 1238 1962 atque
1262 1875 1334 1940 hoa
1360 1873 1438 1937 loco
1463 1863 1537 1930 valde

445 1994 578 2080 ineptis.
602 1994 732 2071 Quodsi
752 1996 931 2080 quidquam
953 1995 998 2060 ad
1018 1996 1219 2060 narrationis
1235 2001 1469 2080 argumentum
1481 2000 1536 2047 aaa·

447 2109 588 2192 terrent,
610 2112 780 2180 Gronovio
802 2115 1000 2182 accederem
1023 2116 1078 2200 qui
1096 2107 1336 2201 corrigendum
1360 2100 1539 2177 essesutoit

447 2230 534 2292 ruite
555 2249 646 2294 nunc
659 2250 680 2293 a
691 2230 841 2296 Pintiauo
854 2244 995 2305 catenus
1008 2243 1132 2302 tantam
1144 2235 1284 2300 discedo
1308 2233 1401 2324 qnod
1424 2248 1463 2294 aa
1479 2241 1539 2308 qua-
1591 2257 1592 2278 t

448 2365 620 2432 quequae
643 2349 869 2430 praecedant,
892 2350 979 2414 maie
1003 2351 1147 2418 eiecisse
1169 2352 1308 2434 videtur.

368 2549 432 2616 234
923 2538 1079 2616 Ibidem.

500 2675 568 2751 Ac·
595 2672 727 2776 nequis
751 2673 884 2751 victam
910 2674 949 2750 in
970 2675 1041 2751 boc
1063 2637 1318 2782 'antiquitatem
1341 2672 1539 2752 arbitrare·
1589 2673 1598 2753 *t

502 2822 576 2906 tur,
598 2811 699 2888 idem
721 2812 814 2888 Cato
841 2813 958 2891 denos
984 2815 1111 2890 culeos
1137 2814 1263 2890 redire
1296 2839 1345 2892 ex
1378 2803 1541 2909 iugeribus

501 2947 654 3047 scripsit
675 2955 738 3022 rel.

534 3083 679 3148 Primum
702 3103 721 3148 e
744 3083 862 3151 cod'i
883 3084 1111 3168 reponendum
1132 3081 1264 3146 videtur
1286 3083 1352 3160 At,
1378 3075 1491 3146 deinde
1507 3067 1542 3131 lt·

450 3201 596 3288 madum
616 3200 828 3269 arbitretur.
856 3203 953 3267 Novo
975 3204 1061 3269 euim
1083 3200 1238 3286 exemplo
1260 3200 1443 3270 fertilitatis
1461 3190 1541 3258 aliato
1593 3204 1595 3273 q

451 3340 494 3383 eo
515 3331 627 3383 tamen
649 3319 877 3403 antiquitatem
901 3341 967 3384 non
989 3321 1076 3384 vinci
1098 3330 1211 3384 monet
1235 3331 1268 3383 et
1290 3317 1431 3384 Catonis
1453 3304 1543 3378 verbis
1595 3378 1596 3381 ,

451 3437 661 3499 demonstrat
688 3434 765 3497 ideo
790 3435 989 3517 adscriptis,
1016 3436 1156 3520 nequis
1178 3437 1355 3504 arbitretur
1378 3436 1438 3502 rei.
1478 3426 1543 3492 0¹¹⁰
1597 3465 1598 3516 i

451 3561 564 3616 autem
593 3568 694 3633 quum
722 3548 890 3613 scriberet
926 3549 968 3612 de
996 3569 1035 3612 re
1068 3561 1189 3632 postea
1221 3564 1382 3618 eventura
1418 3549 1544 3632 rogiter⁸
1597 3523 1598 3614 i

452 3691 521 3737 uon
540 3669 660 3757 patuit

317 3866 324 3870 -
345 3808 356 3826 ⁶
373 3843 436 3911 235
909 3780 958 3882 bb
973 3837 1012 3874 =
1023 3805 1060 3902 4,
1075 3807 1110 3881 ii.

504 3947 550 4022 lu
575 3944 730 4048 reliquis
764 3942 912 4018 claritas
946 3943 1074 4043 generi
1105 3969 1177 4018 non
1209 3943 1279 4018 fuit
1310 3943 1442 4038 alicui3
1472 3950 1546 4012 ann⁰

503 4079 574 4153 fnit
608 4079 769 4153 omnium
801 4101 979 4175 generum
1011 4079 1196 4153 bonitas
1225 4079 1270 4154 L.
1300 4079 1450 4180 Opimio
1481 4089 1547 4148 can·

506 4213 588 4287 sule
609 4219 671 4285 rel.

540 4359 590 4426 ita
610 4374 705 4424 recte
727 4382 802 4425 oum
826 4360 998 4430 veteribus
1021 4361 1183 4447 exernpiis
1206 4380 1238 4431 et
1258 4365 1407 4451 Siiiigius
1429 4382 1462 4434 et
1483 4361 1547 4429 ΗΜ·

457 4481 577 4548 dumus
597 4477 831 4562 distinxerunt,
852 4499 950 4563 quam
972 4494 1049 4545 ante
1073 4501 1192 4547 vocem
1215 4485 1318 4550 aiicai
1335 4499 1488 4573 punctum
1506 4497 1550 4566 pe

462 4603 575 4668 saissa
598 4597 687 4666 falso
711 4598 815 4664 refert
838 4597 996 4684 Siiiigius
1040 4601 1139 4676 Quod
1163 4614 1273 4670 eutem
1295 4605 1382 4672 idem
1407 4604 1550 4690 vutgrmn
