3567 5559
666 709 759 770 liber
778 708 812 768 Χ
818 705 903 769 VIII.
1293 701 1334 770 f!

653 907 723 980 261
736 905 907 991 :asan
1355 908 1417 976 336

275 1083 323 1100 -
351 1040 387 1116 si
411 1047 502 1114 uero
528 1033 667 1111 fertiles
692 1057 767 1112 non
793 1039 880 1110 sunt
910 1033 1036 1127 (vitea,
1060 1033 1208 1125 iubent)
1225 1038 1333 1126 aceto

273 1171 351 1249 acri
378 1171 536 1248 subacto
552 1168 685 1244 cinere
710 1165 823 1266 rigari
846 1210 896 1222 -

307 1304 418 1379 Quum
445 1308 518 1389 post
539 1298 727 1386 particulam
751 1297 943 1363 subiunctivi
974 1299 1070 1384 positi
1096 1299 1159 1364 sint
1188 1307 1220 1365 et
1240 1299 1273 1365 in
1294 1299 1333 1367 iis

228 1442 307 1508 qnae
329 1394 532 1507 praecedunt
552 1423 585 1482 et
606 1437 688 1503 quae
711 1417 818 1480 statim
841 1423 1034 1502 sequuntur,
1055 1416 1106 1482 hic
1127 1439 1254 1505 quoque
1274 1426 1335 1485 ant

230 1539 434 1605 scribendum
457 1543 516 1600 est.
534 1540 602 1614 fisis
623 1541 661 1598 et.
676 1543 821 1613 mareque
843 1539 930 1598 recte
947 1533 1083 1599 coniecit
1095 1531 1333 1623 Dalecampiua

231 1677 363 1742 quornm
385 1656 522 1721 alterum
546 1652 643 1717 etiam
666 1651 828 1716 codicibus
850 1649 1062 1716 confirmatur.
1107 1660 1109 1666 ’

648 1957 770 2035 Lllldll
794 1959 907 2036 xlln.

685 2143 708 2216 3
734 2165 776 2195 =
804 2143 871 2231 1,1.
1256 2225 1257 2232 Ν

272 2269 349 2352 Nos
377 2276 417 2348 et
443 2268 597 2368 sagittas
622 2272 820 2371 unguimus
846 2272 1013 2352 ecferre
1040 2272 1111 2372 ipsi
1138 2275 1332 2352 nocentius

274 2403 418 2503 aliquid
445 2401 586 2494 damna,
612 2425 682 2483 nos
709 2411 747 2482 ct
768 2404 1188 2482 flumina'inficimuset
1212 2431 1333 2486 rerum

273 2544 427 2613 naturae
442 2533 643 2630 elementa3
668 2537 788 2638 ipsum
808 2558 958 2637 qnoque
973 2560 1046 2638 quo
1059 2539 1195 2614 vivitur
1208 2561 1332 2618 aerem

272 2669 309 2744 in
332 2668 540 2770 perniciem
564 2669 753 2747 vertimus

304 2804 374 2866 lam
387 2802 517 2886 saepius
532 2801 717 2886 significari,
740 2801 866 2867 codices
882 2801 944 2866 'ld
966 2816 1139 2887 eorumque
1162 2802 1290 2884 similes,
1312 2823 1332 2867 a
1380 2769 1383 2787 λ

233 2917 337 3001 quibus
358 2918 494 3004 vulgata
512 2917 581 2982 fere
602 2919 697 2984 lectio
719 2926 790 2984 orta
811 2926 880 3003 est,
905 2919 944 2984 ab
967 2919 1096 2984 homine
1117 2938 1182 2984 non
1202 2919 1331 2985 indocto

234 3043 384 3101 coneotcs
407 3052 662 3122 nonnumquam,
694 3039 822 3122 saepius
845 3037 1053 3123 interpolatos
1078 3045 1170 3118 esse,'
1189 3036 1331 3102 codicem

235 3169 337 3217 acam
368 3172 434 3240 qno
461 3154 531 3218 cod.
553 3153 584 3217 D
607 3160 639 3218 et
664 3157 694 3221 Θ
715 3155 823 3240 aliqua
852 3155 1042 3239 cognatione
1070 3155 1230 3220 coniuncti
1259 3175 1331 3221 esse

233 3267 381 3354 ridentur,
405 3271 558 3357 antiquae
571 3255 756 3357 probaeque
777 3262 954 3355 scripturae
971 3273 1107 3357 vestigia
1127 3274 1160 3337 in
1182 3271 1232 3337 his
1244 3280 1331 3338 certe

235 3382 330 3471 libris,
357 3389 416 3453 ubi
444 3389 545 3452 altera
572 3407 674 3474 caque
703 3390 883 3475 antiquiore
911 3387 1058 3453 codicum
1085 3389 1207 3454 tamilla
1235 3389 1332 3456 desti-

237 3503 351 3589 lninrnr,
373 3507 455 3592 ipsis
476 3505 537 3570 illis
559 3505 694 3588 mendis,
717 3505 833 3590 quibus
859 3511 971 3588 scatet,
994 3527 1210 3573 conservasse.
1233 3509 1330 3572 Cuius

236 3621 355 3687 rationis
385 3623 595 3711 memorabile
623 3627 650 3686 b.
681 3623 702 3688 l.
734 3623 918 3709 exemplum
945 3625 1110 3709 reperitur.
1151 3626 1218 3690 Aer
1246 3626 1330 3689 enim
1382 3653 1388 3672 ·

238 3754 330 3823 neque
351 3740 536 3819 adpictum
560 3741 695 3827 suffieit,
718 3743 803 3830 quod
823 3743 875 3806 vel
896 3742 1063 3828 proverbio
1086 3742 1251 3826 doeemur,
1273 3763 1330 3806 ne·

239 3872 291 3936 qne
311 3857 470 3943 quomodo
487 3860 521 3922 in
540 3860 715 3944 perniciem
739 3867 951 3942 eonvertatur,
974 3865 1109 3924 constat.
1132 3859 1234 3922 Immo
1247 3879 1329 3945 qnae

239 3969 294 4035 sint
312 3995 350 4040 ea
372 3977 488 4062 quibus
509 3978 654 4041 vivamus
674 3977 795 4041 Plinius
817 3977 886 4061 ipse
904 3975 1026 4041 XXIV.
1044 3979 1065 4042 4
1087 3976 1248 4060 explicuit,
1270 3978 1329 4060 ,in-

240 4097 325 4154 ventu
343 4093 452 4158 facilia
480 4114 518 4158 ac
540 4095 609 4158 sine
630 4093 792 4179 impendio
823 4101 855 4158 et
877 4094 991 4179 quibus
1023 4083 1185 4177 vivimus‘,'
1216 4095 1330 4180 quibus

240 4200 390 4274 hominnm
409 4211 539 4276 frendes
569 4233 641 4275 enm
663 4211 705 4275 ad
726 4212 918 4276 medicinam
930 4183 1007 4292 ¹tum
1030 4211 1071 4275 ad
1092 4231 1218 4277 venena
1239 4213 1331 4278 abusi

242 4330 312 4390 tut
351 4328 488 4392 Venena
513 4329 576 4393 boc
597 4349 724 4414 qnoque
757 4322 829 4394 loeo'
850 4329 944 4412 cibis,
973 4329 1027 4415 qui
1051 4329 1091 4394 ab
1118 4331 1189 4418 ipsa
1215 4337 1331 4395 natura

243 4433 350 4508 innoxii
369 4447 671 4528 imminueretur,
701 4447 820 4531 opponi
847 4447 1032 4511 animalium
1061 4449 1208 4534 exemplo
1231 4447 1329 4511 silini·

243 4556 293 4620 lut.
312 4561 408 4648 Atqui
418 4565 556 4633 molesta
575 4565 633 4628 illa
652 4583 717 4627 vox
738 4539 833 4641 abest
852 4585 873 4628 a
893 4563 1056 4629 codicibus
1073 4565 1145 4649 aD,
1166 4565 1275 4648 itaqua
1295 4564 1329 4630 in

245 4671 303 4738 00⁴1·
324 4677 343 4741 d
368 4683 408 4747 ab
435 4686 610 4770 interprete
638 4682 832 4768 adscriptam
854 4701 926 4746 esse
950 4683 1108 4768 sequitur,
1137 4681 1191 4770 qui
1212 4681 1327 4769 ,ipsum

467 2085 476 2124 1
533 2114 535 2117 .
