3567 5559
730 498 831 567 mter
849 501 905 567 11.
1331 506 1374 575 33

249 689 360 776 ipsius
383 684 482 751 Plinii
508 703 590 751 esse
608 671 785 753 arbitron·
811 686 924 761 Quam
945 686 1034 753 enirn
1058 686 1218 757 llioonutn
1246 691 1372 775 flumen

248 806 357 873 multo
372 805 486 869 minus
505 813 619 870 notum
641 823 742 889 quam
750 801 897 869 Silarum
907 806 1082 872 nominare
1103 806 1189 873 satis
1205 807 1372 891 habuerit,

249 926 367 993 Silano
387 921 494 987 iluvio
514 922 602 987 inter
621 921 727 987 italos
747 920 970 990 celeberrimo
989 925 1047 991 vix
1072 926 1204 993 videtur
1224 927 1375 1014 ineptam

251 1045 341 1111 situs
359 1041 621 1126 descriptionem
636 1040 830 1122 addidisse,
850 1062 949 1127 quum
970 1062 992 1108 a
1014 1044 1176 1110 Surrento
1197 1047 1282 1111 urbe
1304 1016 1373 1115 mo.

250 1183 320 1253 gno
343 1159 522 1228 intervallo
545 1159 676 1227 Silarus
694 1160 806 1235 distet
844 1158 981 1226 Ferre'rn
1003 1162 1035 1227 si
1052 1161 1143 1227 eitra
1151 1160 1311 1232 Solet-nor
1322 1166 1373 1233 le.

252 1294 407 1371 geretur,
427 1279 518 1344 ultra
545 1276 747 1345 Surrentum
766 1276 940 1345 ferendum
963 1298 1043 1346 esse
1063 1300 1166 1366 nego,
1186 1283 1276 1367 quod
1296 1294 1367 1353 tota

254 1398 504 1467 Picentinorum
525 1418 608 1483 agro
631 1418 654 1463 a
675 1395 784 1465 Silero
807 1398 1081 1479 discernebatur,
1105 1399 1148 1465 ef.
1166 1400 1218 1468 111.
1233 1402 1286 1471 70.

342 1555 372 1639 ᾗ.
393 1549 466 1616 231.
495 1572 564 1617 non
585 1549 731 1635 intelligo
753 1571 814 1616 eur
836 1562 871 1617 et
890 1548 1039 1637 Silligius
1071 1561 1104 1617 et
1125 1552 1224 1621 lanus
1251 1554 1368 1621 sacilli-

253 1693 343 1738 mam
376 1670 645 1736 emendationem
677 1668 850 1738 Welelreri
882 1670 927 1733 ad
959 1668 1116 1739 Philostr.
1146 1694 1178 1757 p.
1197 1670 1271 1738 356.
1298 1672 1369 1740 diet

251 1788 467 1859 θεοδαίσια
488 1788 689 1873 spreverint,
711 1808 787 1853 eum
801 1800 835 1852 et
856 1788 952 1854 codd.
966 1788 1113 1855 ARdies
1134 1788 1315 1857 exhibeant
1334 1800 1369 1855 et
1421 1772 1425 1781 ¹

252 1908 421 1975 theodosia
440 1902 529 1991 apud
552 1901 736 1971 Robertum
757 1906 899 1992 legatur.

577 2047 1051 2189 tar'nnao=1oo,11o.
1178 2053 1231 2065 ”’

160 2283 164 2290 ’
273 2250 470 2348 'campus
492 2247 721 2349 Babyloniae
745 2248 876 2347 flagrat
903 2244 1060 2345 quadam
1088 2247 1200 2323 veluti
1224 2249 1368 2353 piscina

163 2389 167 2393 ’
303 2384 427 2487 iugeri
452 2383 722 2485 magnitudine,
755 2380 981 2482 Aethiopum
1005 2382 1111 2461 iuxta
1135 2385 1367 2487 Hesperium

161 2521 165 2530 ’
303 2532 469 2601 montem
494 2522 682 2595 stellarum
710 2520 818 2596 modo
844 2519 964 2620 campi
979 2533 1113 2617 noctu3
1139 2524 1308 2603 similiter
1328 2526 1367 2601 iu

303 2656 699 2761 Megalopolitanorum
726 2681 826 2758 agro,
852 2648 1037 2733 tametsi
1063 2658 1279 2737 internus
1306 2661 1367 2739 sit

301 2799 405 2891 ille,
426 2793 610 2872 iucundus
622 2794 865 2894 frondemque
886 2791 993 2867 densi
1009 2817 1124 2891 supra
1143 2818 1185 2869 se
1202 2796 1366 2893 nemoris

303 2926 1060 3029 nonadurens.Etiuxtagelidumiontem
1074 2930 1368 3027 semperardens

307 3067 516 3169 Nymphaei
542 3078 664 3143 orator
690 3064 772 3140 dira
795 3058 1039 3165 Apolloniatis
1064 3062 1143 3139 suis
1166 3068 1366 3167 portendit,

307 3216 350 3282 ut
372 3204 637 3308 Theopompus
656 3201 828 3295 tradidit3
855 3206 1010 3298 augetur
1034 3198 1213 3279 imbribus
1233 3208 1366 3307 egerit-

302 3370 378 3446 que
411 3325 575 3418 bitumen
608 3328 895 3441 temperan'dum‘
920 3336 1023 3412 fonte
1055 3337 1117 3416 illo
1143 3338 1366 3445 ingustabili,

301 3480 396 3555 ann
422 3478 522 3591 opor
546 3475 724 3554 totumne
750 3450 913 3553 otruous'.
1054 3587 1056 3596 Ι
1353 3442 1369 3471 ‘'

335 3663 423 3731 Cum
445 3665 542 3743 lano,
573 3663 671 3728 ouius
693 3658 962 3724 dissertationem
990 3681 1080 3727 nnne
1100 3661 1270 3749 inspicere
1298 3688 1367 3735 non

254 3782 346 3862 lieet,
368 3780 449 3847 mssri
463 3781 581 3847 videor
602 3777 806 3854 consentire,
829 3776 906 3839 darn
921 3779 1052 3844 scribo:
1075 3782 1111 3843 in
1124 3782 1369 3870 Mepolopolito.

257 3922 375 3963 mn
396 3922 484 3990 apro,
524 3899 626 3974 Num
647 3898 683 3959 si
701 3893 1183 3979 intermisit·iile.isteundus
1203 3895 1371 3984 frondente

252 4038 325 4113 que
338 4017 432 4080 densi
442 4014 600 4103 supre'ae
612 4015 754 4079 nemoris
767 4035 834 4078 oon
855 4013 1007 4079 adurens
1022 4022 1059 4081 et
1077 4014 1172 4079 iuxta
1195 4020 1370 4107 egelidum

254 4130 381 4220 fontem
400 4157 528 4221 semper
549 4134 672 4202 ordene
696 4130 887 4218 Nymphaei
907 4141 1036 4215 crater,
1058 4130 1138 4199 bea
1154 4136 1371 4223 Apolloniatis

255 4256 323 4319 ma
352 4252 533 4340 portendit.
587 4253 771 4339 Postquam
800 4251 886 4317 enim
916 4250 1026 4317 locum
1056 4254 1090 4319 rb
1103 4240 1215 4333 'Bdaoc
1246 4258 1370 4324 dictum

256 4370 319 4456 (ef.
330 4368 629 4457 Pannvtlttbu)
641 4366 801 4437 indicarit
814 4366 950 4452 Plinius,
969 4370 1011 4436 de
1024 4370 1223 4461 Nymphaeo
1235 4376 1373 4441 uberius

256 4487 404 4577 loquitor
428 4490 626 4567 mauritione
647 4510 712 4579 pro
737 4508 912 4556 moresne
936 4508 957 4555 a
977 4510 1008 4555 v.
1030 4510 1108 4558 nem
1128 4492 1240 4571 saeta,
1270 4503 1373 4579 atque

1143 4608 1164 4669 3
