<?xml version="1.0" encoding="UTF-8"?>
<!DOCTYPE html PUBLIC "-//W3C//DTD XHTML 1.0 Transitional//EN"
    "http://www.w3.org/TR/xhtml1/DTD/xhtml1-transitional.dtd">
<html xmlns="http://www.w3.org/1999/xhtml" xml:lang="en" lang="en">
 <head>
  <title>
</title>
<meta http-equiv="Content-Type" content="text/html;charset=utf-8" />
  <meta name='ocr-system' content='tesseract 3.04.00' />
  <meta name='ocr-capabilities' content='ocr_page ocr_carea ocr_par ocr_line ocrx_word'/>
</head>
<body>
  <div class='ocr_page' id='page_1' title='image "./vindiciaeplinia00urligoog_0127.png"; bbox 0 0 3567 5559; ppageno 0'>
   <div class='ocr_carea' id='block_1_1' title="bbox 649 556 1356 630">
    <p class='ocr_par' dir='ltr' id='par_1_1' title="bbox 649 556 1356 630">
     <span class='ocr_line' id='line_1_1' title="bbox 649 556 1356 630; baseline 0.008 -8"><span class='ocrx_word' id='word_1_1' title='bbox 649 556 751 622; x_wconf 79' lang='lat' dir='ltr'><strong>Liber</strong></span> <span class='ocrx_word' id='word_1_2' title='bbox 772 556 838 624; x_wconf 84' lang='lat' dir='ltr'><strong>VI.</strong></span> <span class='ocrx_word' id='word_1_3' title='bbox 862 558 949 627; x_wconf 75' lang='lat' dir='ltr'><strong>m.</strong></span> <span class='ocrx_word' id='word_1_4' title='bbox 1294 560 1356 630; x_wconf 68' lang='lat' dir='ltr'><strong>ua</strong></span> 
     </span>
    </p>
   </div>
   <div class='ocr_carea' id='block_1_2' title="bbox 262 740 1350 951">
    <p class='ocr_par' dir='ltr' id='par_1_2' title="bbox 262 740 1350 951">
     <span class='ocr_line' id='line_1_2' title="bbox 262 740 1350 836; baseline 0.005 -30"><span class='ocrx_word' id='word_1_5' title='bbox 262 744 408 836; x_wconf 60' lang='lat' dir='ltr'><strong>leliqua</strong></span> <span class='ocrx_word' id='word_1_6' title='bbox 428 743 571 807; x_wconf 67' lang='lat' dir='ltr'><strong>dmm,</strong></span> <span class='ocrx_word' id='word_1_7' title='bbox 611 743 774 808; x_wconf 73' lang='lat' dir='ltr'><strong>Deinde</strong></span> <span class='ocrx_word' id='word_1_8' title='bbox 793 740 974 829; x_wconf 71' lang='lat' dir='ltr'><strong>solatiosi</strong></span> <span class='ocrx_word' id='word_1_9' title='bbox 992 740 1038 806; x_wconf 83' lang='lat' dir='ltr'><strong>nd</strong></span> <span class='ocrx_word' id='word_1_10' title='bbox 1058 741 1257 810; x_wconf 68' lang='lat' dir='ltr'><strong>occidendam</strong></span> <span class='ocrx_word' id='word_1_11' title='bbox 1274 763 1350 810; x_wconf 74' lang='lat' dir='ltr'><strong>uen-</strong></span> 
     </span>
     <span class='ocr_line' id='line_1_3' title="bbox 262 859 586 951; baseline -0.006 -23"><span class='ocrx_word' id='word_1_12' title='bbox 262 885 329 928; x_wconf 69' lang='lat' dir='ltr'><strong>am</strong></span> <span class='ocrx_word' id='word_1_13' title='bbox 352 863 508 951; x_wconf 71' lang='lat' dir='ltr'><strong>Nn‘pnuae</strong></span> <span class='ocrx_word' id='word_1_14' title='bbox 525 859 586 926; x_wconf 84' lang='lat' dir='ltr'><strong>rel.</strong></span> 
     </span>
    </p>
   </div>
   <div class='ocr_carea' id='block_1_3' title="bbox 664 1111 1425 1360">
    <p class='ocr_par' dir='ltr' id='par_1_3' title="bbox 664 1111 1425 1360">
     <span class='ocr_line' id='line_1_4' title="bbox 664 1111 920 1200; baseline 0 0"><span class='ocrx_word' id='word_1_15' title='bbox 664 1111 813 1200; x_wconf 74' lang='lat' dir='ltr'><strong>1.le</strong></span> <span class='ocrx_word' id='word_1_16' title='bbox 835 1113 920 1200; x_wconf 78' lang='lat' dir='ltr'><strong>m</strong></span> 
     </span>
     <span class='ocr_line' id='line_1_5' title="bbox 726 1285 1425 1360; baseline -0.009 0"><span class='ocrx_word' id='word_1_17' title='bbox 726 1285 853 1360; x_wconf 70' lang='lat'><strong>421.</strong></span> <span class='ocrx_word' id='word_1_18' title='bbox 1364 1291 1425 1355; x_wconf 82' lang='grc'><strong>147</strong></span> 
     </span>
    </p>
   </div>
   <div class='ocr_carea' id='block_1_4' title="bbox 272 1435 1346 1670">
    <p class='ocr_par' dir='ltr' id='par_1_4' title="bbox 272 1435 1346 1670">
     <span class='ocr_line' id='line_1_6' title="bbox 277 1435 1346 1531; baseline 0.006 -23"><span class='ocrx_word' id='word_1_19' title='bbox 277 1479 336 1491; x_wconf 97' lang='grc'>-</span> <span class='ocrx_word' id='word_1_20' title='bbox 360 1435 544 1512; x_wconf 89' lang='lat' dir='ltr'><strong>homiuem</strong></span> <span class='ocrx_word' id='word_1_21' title='bbox 562 1437 652 1511; x_wconf 86' lang='lat' dir='ltr'><strong>nihil</strong></span> <span class='ocrx_word' id='word_1_22' title='bbox 668 1436 778 1531; x_wconf 84' lang='lat' dir='ltr'><strong>scire,</strong></span> <span class='ocrx_word' id='word_1_23' title='bbox 799 1436 916 1512; x_wconf 86' lang='lat' dir='ltr'><strong>nihil</strong></span> <span class='ocrx_word' id='word_1_24' title='bbox 942 1437 1042 1512; x_wconf 80' lang='lat' dir='ltr'><strong>siue</strong></span> <span class='ocrx_word' id='word_1_25' title='bbox 1067 1435 1250 1530; x_wconf 82' lang='lat' dir='ltr'><strong>doctriua,</strong></span> <span class='ocrx_word' id='word_1_26' title='bbox 1270 1461 1346 1514; x_wconf 91' lang='lat' dir='ltr'><strong>uon</strong></span> 
     </span>
     <span class='ocr_line' id='line_1_7' title="bbox 272 1569 719 1670; baseline 0 -26"><span class='ocrx_word' id='word_1_27' title='bbox 272 1569 361 1664; x_wconf 79' lang='lat' dir='ltr'><strong>fari,</strong></span> <span class='ocrx_word' id='word_1_28' title='bbox 386 1594 462 1644; x_wconf 90' lang='lat' dir='ltr'><strong>uon</strong></span> <span class='ocrx_word' id='word_1_29' title='bbox 486 1570 632 1670; x_wconf 80' lang='lat' dir='ltr'>ingredi</span> <span class='ocrx_word' id='word_1_30' title='bbox 655 1579 719 1644; x_wconf 86' lang='lat' dir='ltr'><strong>rel.</strong></span> 
     </span>
    </p>
   </div>
   <div class='ocr_carea' id='block_1_5' title="bbox 216 1739 1341 3835">
    <p class='ocr_par' dir='ltr' id='par_1_5' title="bbox 216 1739 1341 3344">
     <span class='ocr_line' id='line_1_8' title="bbox 311 1739 1341 1827; baseline 0.007 -25"><span class='ocrx_word' id='word_1_31' title='bbox 311 1739 492 1823; x_wconf 78' lang='lat' dir='ltr'>Scriptura</span> <span class='ocrx_word' id='word_1_32' title='bbox 512 1761 612 1826; x_wconf 84' lang='lat' dir='ltr'><strong>quam</strong></span> <span class='ocrx_word' id='word_1_33' title='bbox 635 1742 763 1826; x_wconf 81' lang='lat' dir='ltr'><strong>recepit</strong></span> <span class='ocrx_word' id='word_1_34' title='bbox 774 1740 923 1827; x_wconf 80' lang='lat' dir='ltr'><strong>Silligius</strong></span> <span class='ocrx_word' id='word_1_35' title='bbox 938 1763 957 1805; x_wconf 89' lang='lat' dir='ltr'><strong>e</strong></span> <span class='ocrx_word' id='word_1_36' title='bbox 971 1740 1142 1806; x_wconf 83' lang='lat' dir='ltr'><strong>codicibus</strong></span> <span class='ocrx_word' id='word_1_37' title='bbox 1163 1742 1341 1827; x_wconf 79' lang='lat' dir='ltr'><strong>nonnullis,</strong></span> 
     </span>
     <span class='ocr_line' id='line_1_9' title="bbox 218 1855 1341 1942; baseline 0.006 -23"><span class='ocrx_word' id='word_1_38' title='bbox 218 1867 260 1919; x_wconf 82' lang='lat' dir='ltr'><strong>ut</strong></span> <span class='ocrx_word' id='word_1_39' title='bbox 282 1855 369 1921; x_wconf 81' lang='lat' dir='ltr'><strong>ferri</strong></span> <span class='ocrx_word' id='word_1_40' title='bbox 397 1870 499 1941; x_wconf 87' lang='lat' dir='ltr'><strong>queat</strong></span> <span class='ocrx_word' id='word_1_41' title='bbox 528 1879 657 1922; x_wconf 81' lang='lat' dir='ltr'><strong>vereor.</strong></span> <span class='ocrx_word' id='word_1_42' title='bbox 708 1859 798 1932; x_wconf 87' lang='lat' dir='ltr'><strong>Quid</strong></span> <span class='ocrx_word' id='word_1_43' title='bbox 827 1859 915 1927; x_wconf 90' lang='lat' dir='ltr'><strong>enim</strong></span> <span class='ocrx_word' id='word_1_44' title='bbox 943 1859 1056 1942; x_wconf 88' lang='lat' dir='ltr'><strong>inepta</strong></span> <span class='ocrx_word' id='word_1_45' title='bbox 1082 1855 1138 1921; x_wconf 87' lang='lat' dir='ltr'><strong>illa</strong></span> <span class='ocrx_word' id='word_1_46' title='bbox 1164 1861 1259 1925; x_wconf 81' lang='lat' dir='ltr'><strong>vocis</strong></span> <span class='ocrx_word' id='word_1_47' title='bbox 1287 1880 1341 1926; x_wconf 87' lang='lat' dir='ltr'><strong>re·</strong></span> 
     </span>
     <span class='ocr_line' id='line_1_10' title="bbox 218 1972 1341 2058; baseline 0.002 -20"><span class='ocrx_word' id='word_1_48' title='bbox 218 1974 456 2058; x_wconf 80' lang='lat' dir='ltr'><strong>duplicatione</strong></span> <span class='ocrx_word' id='word_1_49' title='bbox 483 1973 669 2040; x_wconf 77' lang='lat' dir='ltr'><strong>efficietur?</strong></span> <span class='ocrx_word' id='word_1_50' title='bbox 696 1995 818 2058; x_wconf 85' lang='lat' dir='ltr'><strong>nempe</strong></span> <span class='ocrx_word' id='word_1_51' title='bbox 844 1973 1014 2040; x_wconf 81' lang='lat' dir='ltr'><strong>bominem</strong></span> <span class='ocrx_word' id='word_1_52' title='bbox 1043 1972 1126 2038; x_wconf 89' lang='lat' dir='ltr'><strong>nihil</strong></span> <span class='ocrx_word' id='word_1_53' title='bbox 1155 1977 1243 2041; x_wconf 81' lang='lat' dir='ltr'><strong>seire</strong></span> <span class='ocrx_word' id='word_1_54' title='bbox 1271 1998 1341 2042; x_wconf 91' lang='lat' dir='ltr'><strong>om·</strong></span> 
     </span>
     <span class='ocr_line' id='line_1_11' title="bbox 216 2092 1341 2180; baseline 0.004 -24"><span class='ocrx_word' id='word_1_55' title='bbox 216 2093 317 2175; x_wconf 85' lang='lat' dir='ltr'><strong>nino,</strong></span> <span class='ocrx_word' id='word_1_56' title='bbox 338 2092 458 2157; x_wconf 88' lang='lat' dir='ltr'><strong>deinde</strong></span> <span class='ocrx_word' id='word_1_57' title='bbox 481 2093 560 2157; x_wconf 88' lang='lat' dir='ltr'><strong>nihil</strong></span> <span class='ocrx_word' id='word_1_58' title='bbox 572 2094 645 2158; x_wconf 83' lang='lat' dir='ltr'><strong>sine</strong></span> <span class='ocrx_word' id='word_1_59' title='bbox 659 2095 822 2173; x_wconf 77' lang='lat' dir='ltr'><strong>doctrina,</strong></span> <span class='ocrx_word' id='word_1_60' title='bbox 842 2114 982 2178; x_wconf 84' lang='lat' dir='ltr'><strong>quorum</strong></span> <span class='ocrx_word' id='word_1_61' title='bbox 1001 2093 1035 2156; x_wconf 91' lang='lat' dir='ltr'><strong>id</strong></span> <span class='ocrx_word' id='word_1_62' title='bbox 1054 2095 1145 2177; x_wconf 89' lang='lat' dir='ltr'><strong>quod</strong></span> <span class='ocrx_word' id='word_1_63' title='bbox 1165 2094 1259 2179; x_wconf 81' lang='lat' dir='ltr'><strong>prins</strong></span> <span class='ocrx_word' id='word_1_64' title='bbox 1280 2117 1341 2180; x_wconf 90' lang='lat' dir='ltr'><strong>po-</strong></span> 
     </span>
     <span class='ocr_line' id='line_1_12' title="bbox 216 2209 1339 2297; baseline 0.002 -21"><span class='ocrx_word' id='word_1_65' title='bbox 216 2213 371 2287; x_wconf 78' lang='lat' dir='ltr'><strong>suimus,</strong></span> <span class='ocrx_word' id='word_1_66' title='bbox 390 2209 475 2276; x_wconf 76' lang='lat' dir='ltr'><strong>falso</strong></span> <span class='ocrx_word' id='word_1_67' title='bbox 496 2213 688 2297; x_wconf 83' lang='lat' dir='ltr'><strong>praedicari</strong></span> <span class='ocrx_word' id='word_1_68' title='bbox 709 2221 861 2296; x_wconf 78' lang='lat' dir='ltr'><strong>apparet,</strong></span> <span class='ocrx_word' id='word_1_69' title='bbox 884 2213 1014 2287; x_wconf 79' lang='lat' dir='ltr'><strong>Quodsi</strong></span> <span class='ocrx_word' id='word_1_70' title='bbox 1029 2224 1139 2278; x_wconf 81' lang='lat' dir='ltr'><strong>eutem</strong></span> <span class='ocrx_word' id='word_1_71' title='bbox 1157 2214 1339 2278; x_wconf 80' lang='lat' dir='ltr'><strong>oratoriam</strong></span> 
     </span>
     <span class='ocr_line' id='line_1_13' title="bbox 217 2330 1339 2419; baseline 0.006 -27"><span class='ocrx_word' id='word_1_72' title='bbox 217 2330 395 2416; x_wconf 82' lang='lat' dir='ltr'><strong>quandam</strong></span> <span class='ocrx_word' id='word_1_73' title='bbox 407 2331 471 2395; x_wconf 83' lang='lat' dir='ltr'><strong>vim</strong></span> <span class='ocrx_word' id='word_1_74' title='bbox 481 2333 561 2396; x_wconf 80' lang='lat' dir='ltr'><strong>voci</strong></span> <span class='ocrx_word' id='word_1_75' title='bbox 582 2331 710 2408; x_wconf 71' lang='lat' dir='ltr'><strong>„nihin‘</strong></span> <span class='ocrx_word' id='word_1_76' title='bbox 725 2333 778 2398; x_wconf 79' lang='lat' dir='ltr'><strong>bie</strong></span> <span class='ocrx_word' id='word_1_77' title='bbox 789 2333 956 2416; x_wconf 80' lang='lat' dir='ltr'><strong>repetitae</strong></span> <span class='ocrx_word' id='word_1_78' title='bbox 968 2333 1083 2399; x_wconf 73' lang='lat' dir='ltr'><strong>inesse</strong></span> <span class='ocrx_word' id='word_1_79' title='bbox 1095 2344 1237 2419; x_wconf 69' lang='lat' dir='ltr'><strong>mlum,</strong></span> <span class='ocrx_word' id='word_1_80' title='bbox 1258 2333 1339 2400; x_wconf 88' lang='lat' dir='ltr'><strong>nihil</strong></span> 
     </span>
     <span class='ocr_line' id='line_1_14' title="bbox 217 2450 1336 2538; baseline 0.002 -22"><span class='ocrx_word' id='word_1_81' title='bbox 217 2451 368 2535; x_wconf 71' lang='lat' dir='ltr'><strong>cogitari</strong></span> <span class='ocrx_word' id='word_1_82' title='bbox 393 2461 508 2534; x_wconf 72' lang='lat' dir='ltr'><strong>potest</strong></span> <span class='ocrx_word' id='word_1_83' title='bbox 532 2450 697 2535; x_wconf 79' lang='lat' dir='ltr'><strong>frigidius.</strong></span> <span class='ocrx_word' id='word_1_84' title='bbox 751 2453 789 2516; x_wconf 89' lang='lat' dir='ltr'><strong>ld</strong></span> <span class='ocrx_word' id='word_1_85' title='bbox 815 2464 927 2522; x_wconf 85' lang='lat' dir='ltr'><strong>tameo</strong></span> <span class='ocrx_word' id='word_1_86' title='bbox 958 2463 1054 2518; x_wconf 82' lang='lat' dir='ltr'><strong>reete</strong></span> <span class='ocrx_word' id='word_1_87' title='bbox 1074 2451 1154 2520; x_wconf 86' lang='lat' dir='ltr'><strong>feeit</strong></span> <span class='ocrx_word' id='word_1_88' title='bbox 1176 2451 1336 2538; x_wconf 78' lang='lat' dir='ltr'><strong>Silligiue,</strong></span> 
     </span>
     <span class='ocr_line' id='line_1_15' title="bbox 218 2568 1335 2655; baseline 0.002 -22"><span class='ocrx_word' id='word_1_89' title='bbox 218 2569 312 2654; x_wconf 84' lang='lat' dir='ltr'><strong>quod</strong></span> <span class='ocrx_word' id='word_1_90' title='bbox 337 2569 554 2633; x_wconf 83' lang='lat' dir='ltr'><strong>iniucundum</strong></span> <span class='ocrx_word' id='word_1_91' title='bbox 578 2569 612 2632; x_wconf 92' lang='lat' dir='ltr'><strong>in</strong></span> <span class='ocrx_word' id='word_1_92' title='bbox 640 2568 774 2655; x_wconf 80' lang='lat' dir='ltr'><strong>vulgata</strong></span> <span class='ocrx_word' id='word_1_93' title='bbox 801 2569 948 2636; x_wconf 82' lang='lat' dir='ltr'><strong>lectione</strong></span> <span class='ocrx_word' id='word_1_94' title='bbox 971 2573 1150 2638; x_wconf 78' lang='lat' dir='ltr'><strong>verboram</strong></span> <span class='ocrx_word' id='word_1_95' title='bbox 1183 2572 1335 2638; x_wconf 82' lang='lat' dir='ltr'><strong>ordinem</strong></span> 
     </span>
     <span class='ocr_line' id='line_1_16' title="bbox 217 2663 1335 2773; baseline -0.005 -20"><span class='ocrx_word' id='word_1_96' title='bbox 217 2689 387 2753; x_wconf 71' lang='lat' dir='ltr'><strong>leoninam</strong></span> <span class='ocrx_word' id='word_1_97' title='bbox 407 2689 493 2750; x_wconf 81' lang='lat' dir='ltr'><strong>seire</strong></span> <span class='ocrx_word' id='word_1_98' title='bbox 512 2685 599 2750; x_wconf 68' lang='lat' dir='ltr'><strong>ninii</strong></span> <span class='ocrx_word' id='word_1_99' title='bbox 617 2689 690 2751; x_wconf 81' lang='lat' dir='ltr'><strong>aine</strong></span> <span class='ocrx_word' id='word_1_100' title='bbox 709 2688 860 2752; x_wconf 60' lang='lat' dir='ltr'><strong>heleian</strong></span> <span class='ocrx_word' id='word_1_101' title='bbox 882 2688 1136 2773; x_wconf 86' lang='lat' dir='ltr'><strong>relinquendum</strong></span> <span class='ocrx_word' id='word_1_102' title='bbox 1151 2663 1236 2750; x_wconf 37' lang='lat' dir='ltr'><strong>&#39;esse</strong></span> <span class='ocrx_word' id='word_1_103' title='bbox 1257 2706 1335 2750; x_wconf 85' lang='lat' dir='ltr'><strong>een.</strong></span> 
     </span>
     <span class='ocr_line' id='line_1_17' title="bbox 217 2803 1335 2890; baseline -0.004 -18"><span class='ocrx_word' id='word_1_104' title='bbox 217 2810 300 2872; x_wconf 81' lang='lat' dir='ltr'><strong>suit:</strong></span> <span class='ocrx_word' id='word_1_105' title='bbox 328 2804 472 2890; x_wconf 82' lang='lat' dir='ltr'><strong>erravit,</strong></span> <span class='ocrx_word' id='word_1_106' title='bbox 491 2816 528 2870; x_wconf 84' lang='lat' dir='ltr'><strong>ut</strong></span> <span class='ocrx_word' id='word_1_107' title='bbox 554 2826 678 2889; x_wconf 75' lang='lat' dir='ltr'><strong>saepe,</strong></span> <span class='ocrx_word' id='word_1_108' title='bbox 707 2807 740 2868; x_wconf 92' lang='lat' dir='ltr'><strong>in</strong></span> <span class='ocrx_word' id='word_1_109' title='bbox 764 2805 992 2888; x_wconf 89' lang='lat' dir='ltr'><strong>emendando,</strong></span> <span class='ocrx_word' id='word_1_110' title='bbox 1016 2825 1116 2889; x_wconf 88' lang='lat' dir='ltr'><strong>quum</strong></span> <span class='ocrx_word' id='word_1_111' title='bbox 1140 2803 1255 2865; x_wconf 83' lang='lat' dir='ltr'><strong>vitium</strong></span> <span class='ocrx_word' id='word_1_112' title='bbox 1277 2803 1335 2867; x_wconf 88' lang='lat' dir='ltr'><strong>de·</strong></span> 
     </span>
     <span class='ocr_line' id='line_1_18' title="bbox 218 2915 1336 2992; baseline -0.009 0"><span class='ocrx_word' id='word_1_113' title='bbox 218 2926 375 2992; x_wconf 76' lang='lat' dir='ltr'><strong>texisset.</strong></span> <span class='ocrx_word' id='word_1_114' title='bbox 420 2921 512 2986; x_wconf 81' lang='lat' dir='ltr'><strong>Libri</strong></span> <span class='ocrx_word' id='word_1_115' title='bbox 525 2919 609 2986; x_wconf 78' lang='lat' dir='ltr'><strong>Mas.</strong></span> <span class='ocrx_word' id='word_1_116' title='bbox 632 2919 700 2987; x_wconf 86' lang='lat' dir='ltr'><strong>hoe</strong></span> <span class='ocrx_word' id='word_1_117' title='bbox 719 2923 819 2985; x_wconf 90' lang='lat' dir='ltr'><strong>modo</strong></span> <span class='ocrx_word' id='word_1_118' title='bbox 842 2921 990 2985; x_wconf 75' lang='lat' dir='ltr'><strong>vanientz</strong></span> <span class='ocrx_word' id='word_1_119' title='bbox 1012 2921 1034 2983; x_wconf 93' lang='lat' dir='ltr'><strong>d</strong></span> <span class='ocrx_word' id='word_1_120' title='bbox 1056 2921 1141 2982; x_wconf 79' lang='lat' dir='ltr'><strong>seire</strong></span> <span class='ocrx_word' id='word_1_121' title='bbox 1160 2915 1245 2981; x_wconf 74' lang='lat' dir='ltr'><strong>nibil</strong></span> <span class='ocrx_word' id='word_1_122' title='bbox 1265 2919 1336 2982; x_wconf 78' lang='lat' dir='ltr'><strong>nine</strong></span> 
     </span>
     <span class='ocr_line' id='line_1_19' title="bbox 218 3034 1334 3123; baseline -0.007 -16"><span class='ocrx_word' id='word_1_123' title='bbox 218 3044 386 3120; x_wconf 71' lang='lat' dir='ltr'><strong>doctrina,</strong></span> <span class='ocrx_word' id='word_1_124' title='bbox 410 3039 466 3105; x_wconf 87' lang='lat' dir='ltr'><strong>S&#39;l&#39;</strong></span> <span class='ocrx_word' id='word_1_125' title='bbox 481 3039 651 3123; x_wconf 83' lang='lat' dir='ltr'><strong>(Murbae.</strong></span> <span class='ocrx_word' id='word_1_126' title='bbox 663 3037 767 3118; x_wconf 90' lang='lat' dir='ltr'><strong>Rob.)</strong></span> <span class='ocrx_word' id='word_1_127' title='bbox 790 3035 876 3100; x_wconf 71' lang='lat' dir='ltr'><strong>nihii</strong></span> <span class='ocrx_word' id='word_1_128' title='bbox 888 3037 973 3099; x_wconf 76' lang='lat' dir='ltr'><strong>seire</strong></span> <span class='ocrx_word' id='word_1_129' title='bbox 989 3035 1074 3099; x_wconf 76' lang='lat' dir='ltr'><strong>ninii</strong></span> <span class='ocrx_word' id='word_1_130' title='bbox 1087 3034 1334 3120; x_wconf 60' lang='lat' dir='ltr'><strong>sinedochium</strong></span> 
     </span>
     <span class='ocr_line' id='line_1_20' title="bbox 221 3151 1333 3238; baseline -0.004 -14"><span class='ocrx_word' id='word_1_131' title='bbox 221 3161 254 3224; x_wconf 76' lang='lat' dir='ltr'>R</span> <span class='ocrx_word' id='word_1_132' title='bbox 271 3158 358 3221; x_wconf 68' lang='lat' dir='ltr'><strong>nun!</strong></span> <span class='ocrx_word' id='word_1_133' title='bbox 367 3157 454 3220; x_wconf 72' lang='lat' dir='ltr'><strong>seire</strong></span> <span class='ocrx_word' id='word_1_134' title='bbox 464 3158 495 3220; x_wconf 77' lang='lat' dir='ltr'><strong>ei</strong></span> <span class='ocrx_word' id='word_1_135' title='bbox 507 3157 669 3238; x_wconf 78' lang='lat' dir='ltr'><strong>doctrina,</strong></span> <span class='ocrx_word' id='word_1_136' title='bbox 689 3168 716 3219; x_wconf 84' lang='grc' dir='ltr'>θ</span> <span class='ocrx_word' id='word_1_137' title='bbox 737 3151 822 3216; x_wconf 75' lang='lat' dir='ltr'><strong>nihii</strong></span> <span class='ocrx_word' id='word_1_138' title='bbox 839 3154 924 3217; x_wconf 76' lang='lat' dir='ltr'><strong>seire</strong></span> <span class='ocrx_word' id='word_1_139' title='bbox 945 3153 1012 3217; x_wconf 73' lang='lat' dir='ltr'><strong>nisi</strong></span> <span class='ocrx_word' id='word_1_140' title='bbox 1024 3153 1220 3234; x_wconf 61' lang='lat' dir='ltr'><strong>deciduum,</strong></span> <span class='ocrx_word' id='word_1_141' title='bbox 1244 3153 1333 3219; x_wconf 88' lang='lat' dir='ltr'><strong>unde</strong></span> 
     </span>
     <span class='ocr_line' id='line_1_21' title="bbox 220 3273 763 3344; baseline -0.013 -1"><span class='ocrx_word' id='word_1_142' title='bbox 220 3276 380 3344; x_wconf 82' lang='lat' dir='ltr'><strong>facillima</strong></span> <span class='ocrx_word' id='word_1_143' title='bbox 402 3276 591 3341; x_wconf 80' lang='lat' dir='ltr'><strong>emendatio</strong></span> <span class='ocrx_word' id='word_1_144' title='bbox 614 3273 763 3339; x_wconf 77' lang='lat' dir='ltr'><strong>elicitur:</strong></span> 
     </span>
    </p>

    <p class='ocr_par' dir='ltr' id='par_1_6' title="bbox 540 3388 1010 3456">
     <span class='ocr_line' id='line_1_22' title="bbox 540 3388 1010 3456; baseline 0.002 -2"><span class='ocrx_word' id='word_1_145' title='bbox 540 3389 625 3454; x_wconf 77' lang='lat' dir='ltr'><strong>nihii</strong></span> <span class='ocrx_word' id='word_1_146' title='bbox 643 3391 729 3453; x_wconf 74' lang='lat' dir='ltr'><strong>seire</strong></span> <span class='ocrx_word' id='word_1_147' title='bbox 747 3389 831 3452; x_wconf 79' lang='lat' dir='ltr'><strong>nisi</strong></span> <span class='ocrx_word' id='word_1_148' title='bbox 849 3388 1010 3456; x_wconf 77' lang='lat' dir='ltr'><strong>doctrina.</strong></span> 
     </span>
    </p>

    <p class='ocr_par' dir='ltr' id='par_1_7' title="bbox 219 3505 1331 3835">
     <span class='ocr_line' id='line_1_23' title="bbox 298 3505 1330 3592; baseline 0 -18"><span class='ocrx_word' id='word_1_149' title='bbox 298 3513 412 3585; x_wconf 81' lang='lat' dir='ltr'><strong>Quum</strong></span> <span class='ocrx_word' id='word_1_150' title='bbox 433 3510 519 3574; x_wconf 90' lang='lat' dir='ltr'><strong>enim</strong></span> <span class='ocrx_word' id='word_1_151' title='bbox 542 3510 575 3572; x_wconf 93' lang='lat' dir='ltr'><strong>in</strong></span> <span class='ocrx_word' id='word_1_152' title='bbox 596 3507 628 3572; x_wconf 92' lang='lat' dir='ltr'>R</span> <span class='ocrx_word' id='word_1_153' title='bbox 649 3505 781 3592; x_wconf 79' lang='lat' dir='ltr'><strong>syllaba</strong></span> <span class='ocrx_word' id='word_1_154' title='bbox 805 3506 845 3569; x_wconf 81' lang='lat' dir='ltr'><strong>ni</strong></span> <span class='ocrx_word' id='word_1_155' title='bbox 864 3509 1016 3590; x_wconf 84' lang='lat' dir='ltr'><strong>proxima</strong></span> <span class='ocrx_word' id='word_1_156' title='bbox 1038 3529 1075 3571; x_wconf 84' lang='lat' dir='ltr'><strong>re</strong></span> <span class='ocrx_word' id='word_1_157' title='bbox 1098 3509 1275 3592; x_wconf 77' lang='lat' dir='ltr'><strong>absorpta,</strong></span> <span class='ocrx_word' id='word_1_158' title='bbox 1296 3511 1330 3574; x_wconf 90' lang='lat' dir='ltr'><strong>in</strong></span> 
     </span>
     <span class='ocr_line' id='line_1_24' title="bbox 219 3624 1331 3712; baseline -0.003 -19"><span class='ocrx_word' id='word_1_159' title='bbox 219 3631 290 3695; x_wconf 80' lang='lat' dir='ltr'><strong>aliis</strong></span> <span class='ocrx_word' id='word_1_160' title='bbox 314 3631 428 3694; x_wconf 84' lang='lat' dir='ltr'><strong>vicino</strong></span> <span class='ocrx_word' id='word_1_161' title='bbox 461 3626 628 3694; x_wconf 83' lang='lat' dir='ltr'><strong>vocabulo</strong></span> <span class='ocrx_word' id='word_1_162' title='bbox 659 3624 743 3688; x_wconf 72' lang='lat' dir='ltr'><strong>nihil</strong></span> <span class='ocrx_word' id='word_1_163' title='bbox 771 3637 930 3710; x_wconf 77' lang='lat' dir='ltr'><strong>conrupta</strong></span> <span class='ocrx_word' id='word_1_164' title='bbox 962 3637 1069 3712; x_wconf 81' lang='lat' dir='ltr'><strong>esset,</strong></span> <span class='ocrx_word' id='word_1_165' title='bbox 1103 3627 1251 3692; x_wconf 85' lang='lat' dir='ltr'><strong>additum</strong></span> <span class='ocrx_word' id='word_1_166' title='bbox 1277 3636 1331 3691; x_wconf 82' lang='lat' dir='ltr'><strong>est</strong></span> 
     </span>
     <span class='ocr_line' id='line_1_25' title="bbox 220 3745 924 3835; baseline -0.003 -22"><span class='ocrx_word' id='word_1_167' title='bbox 220 3749 307 3835; x_wconf 91' lang='lat' dir='ltr'><strong>quod</strong></span> <span class='ocrx_word' id='word_1_168' title='bbox 330 3746 512 3813; x_wconf 86' lang='lat' dir='ltr'><strong>mutilatum</strong></span> <span class='ocrx_word' id='word_1_169' title='bbox 534 3767 614 3812; x_wconf 84' lang='lat' dir='ltr'><strong>esse</strong></span> <span class='ocrx_word' id='word_1_170' title='bbox 636 3745 823 3828; x_wconf 83' lang='lat' dir='ltr'><strong>videbatur,</strong></span> <span class='ocrx_word' id='word_1_171' title='bbox 843 3745 924 3811; x_wconf 76' lang='lat' dir='ltr'><strong>sine.</strong></span> 
     </span>
    </p>
   </div>
   <div class='ocr_carea' id='block_1_6' title="bbox 673 3945 1409 4038">
    <p class='ocr_par' dir='ltr' id='par_1_8' title="bbox 673 3945 1409 4038">
     <span class='ocr_line' id='line_1_26' title="bbox 673 3945 1409 4038; baseline 0 -17"><span class='ocrx_word' id='word_1_172' title='bbox 673 3945 875 4038; x_wconf 76' lang='lat'>12:2,2</span> <span class='ocrx_word' id='word_1_173' title='bbox 1346 3953 1409 4021; x_wconf 80' lang='lat' dir='ltr'><strong>ns</strong></span> 
     </span>
    </p>
   </div>
   <div class='ocr_carea' id='block_1_7' title="bbox 268 4092 1326 4338">
    <p class='ocr_par' dir='ltr' id='par_1_9' title="bbox 268 4092 1326 4338">
     <span class='ocr_line' id='line_1_27' title="bbox 269 4092 1326 4200; baseline -0.004 -24"><span class='ocrx_word' id='word_1_174' title='bbox 269 4101 367 4176; x_wconf 89' lang='lat' dir='ltr'><strong>idem</strong></span> <span class='ocrx_word' id='word_1_175' title='bbox 393 4099 600 4200; x_wconf 64' lang='lat' dir='ltr'><strong>(bigotum</strong></span> <span class='ocrx_word' id='word_1_176' title='bbox 616 4095 811 4198; x_wconf 73' lang='lat' dir='ltr'><strong>prodidd)</strong></span> <span class='ocrx_word' id='word_1_177' title='bbox 838 4093 973 4170; x_wconf 85' lang='lat' dir='ltr'><strong>itinere</strong></span> <span class='ocrx_word' id='word_1_178' title='bbox 1000 4092 1143 4170; x_wconf 85' lang='lat' dir='ltr'><strong>dierum</strong></span> <span class='ocrx_word' id='word_1_179' title='bbox 1169 4096 1326 4172; x_wconf 86' lang='lat' dir='ltr'><strong>decem</strong></span> 
     </span>
     <span class='ocr_line' id='line_1_28' title="bbox 268 4233 1326 4338; baseline -0.002 -27"><span class='ocrx_word' id='word_1_180' title='bbox 268 4261 383 4338; x_wconf 80' lang='lat' dir='ltr'><strong>supra</strong></span> <span class='ocrx_word' id='word_1_181' title='bbox 408 4236 675 4334; x_wconf 77' lang='lat' dir='ltr'><strong>Borysthenen</strong></span> <span class='ocrx_word' id='word_1_182' title='bbox 704 4235 943 4309; x_wconf 80' lang='lat' dir='ltr'><strong>Sauromatas</strong></span> <span class='ocrx_word' id='word_1_183' title='bbox 976 4233 1087 4308; x_wconf 81' lang='lat' dir='ltr'><strong>lertio</strong></span> <span class='ocrx_word' id='word_1_184' title='bbox 1116 4233 1177 4311; x_wconf 88' lang='lat' dir='ltr'><strong>die</strong></span> <span class='ocrx_word' id='word_1_185' title='bbox 1205 4233 1326 4314; x_wconf 87' lang='lat' dir='ltr'><strong>eibum</strong></span> 
     </span>
    </p>
   </div>
   <div class='ocr_carea' id='block_1_8' title="bbox 269 4397 1330 4626">
    <p class='ocr_par' dir='ltr' id='par_1_10' title="bbox 269 4397 1330 4626">
     <span class='ocr_line' id='line_1_29' title="bbox 269 4397 663 4475; baseline -0.013 -25"><span class='ocrx_word' id='word_1_186' title='bbox 269 4397 406 4475; x_wconf 86' lang='lat' dir='ltr'><strong>capere</strong></span> <span class='ocrx_word' id='word_1_187' title='bbox 429 4397 590 4472; x_wconf 77' lang='lat' dir='ltr'><strong>semper.</strong></span> <span class='ocrx_word' id='word_1_188' title='bbox 659 4456 663 4463; x_wconf 41' lang='lat'><em>‚</em></span> 
     </span>
     <span class='ocr_line' id='line_1_30' title="bbox 297 4537 1330 4626; baseline -0.02 -7"><span class='ocrx_word' id='word_1_189' title='bbox 297 4543 413 4618; x_wconf 65' lang='lat' dir='ltr'><strong>Qum</strong></span> <span class='ocrx_word' id='word_1_190' title='bbox 423 4541 524 4608; x_wconf 77' lang='lat' dir='ltr'><strong>nodo</strong></span> <span class='ocrx_word' id='word_1_191' title='bbox 532 4538 814 4626; x_wconf 71' lang='lat' dir='ltr'><strong>Anthropophagi</strong></span> <span class='ocrx_word' id='word_1_192' title='bbox 824 4539 944 4606; x_wconf 77' lang='lat' dir='ltr'><strong>dacem</strong></span> <span class='ocrx_word' id='word_1_193' title='bbox 955 4539 1084 4606; x_wconf 84' lang='lat' dir='ltr'><strong>dierum</strong></span> <span class='ocrx_word' id='word_1_194' title='bbox 1094 4537 1215 4605; x_wconf 81' lang='lat' dir='ltr'><strong>itinere</strong></span> <span class='ocrx_word' id='word_1_195' title='bbox 1223 4553 1330 4620; x_wconf 76' lang='lat' dir='ltr'><strong>supra</strong></span> 
     </span>
    </p>
   </div>
   <div class='ocr_carea' id='block_1_9' title="bbox 0 0 1788 5559">
    <p class='ocr_par' dir='ltr' id='par_1_11' title="bbox 0 0 1788 5559">
     <span class='ocr_line' id='line_1_31' title="bbox 0 0 1788 5559; baseline 0 0"><span class='ocrx_word' id='word_1_196' title='bbox 0 0 1788 5559; x_wconf 95' lang='lat' dir='ltr'><strong> </strong></span> 
     </span>
    </p>
   </div>
  </div>
 </body>
</html>
