3567 5559
371 691 377 704 '
420 713 484 786 186
864 717 955 780 [soa
978 720 1085 781 m.

420 911 469 978 R²
493 913 600 997 potius
620 914 712 1000 sequi
733 913 873 980 debebat
897 892 1028 1000 (reliqui
1049 921 1208 996 mutuo),
1234 915 1266 978 in
1290 935 1360 1000 qno
1383 937 1402 978 a
1423 923 1528 977 notro

421 1033 573 1118 scriptum
595 1039 768 1118 repererat.

338 1133 403 1204 m
773 1127 1206 1252 uen=nn'

467 1286 508 1358 ln
548 1281 734 1381 quartanis
773 1327 822 1338 -
864 1283 1088 1359 subnectunt
1127 1327 1173 1340 —
1214 1284 1372 1384 viperae
1431 1289 1533 1382 caput

468 1415 654 1492 abscisum
685 1459 730 1470 -
766 1415 879 1490 moris
921 1413 1112 1492 rostellum
1138 1454 1186 1470 -—
1218 1415 1390 1493 lacertae
1432 1416 1534 1489 vivae

332 1615 343 1632 ,
470 1546 638 1622 dextrum
676 1546 1043 1640 oculum-edessem,
1082 1571 1168 1626 mox
1196 1573 1278 1626 cnm
1305 1549 1439 1650 capite
1472 1569 1533 1623 suo

470 1678 598 1756 deciso
624 1681 661 1755 in
689 1676 863 1779 pellicula
889 1681 1047 1779 caprina.

504 1812 672 1878 oculumne
695 1831 767 1876 cum
792 1813 1002 1897 suocapite?
1040 1835 1080 1877 an
1103 1834 1176 1876 cum
1199 1815 1303 1900 capite
1327 1811 1447 1876 deciso
1469 1811 1489 1875 i.
1511 1829 1533 1872 e.

421 1929 490 1995 sine
512 1931 617 2016 capite
650 1929 867 2016 nescioquod
899 1931 1077 1995 animal-
1103 1933 1227 1995 namsi
1254 1931 1419 1995 lacertam
1448 1925 1534 1991 intel·

421 2049 477 2132 ligi
498 2049 651 2113 voluisset
663 2049 806 2136 scriptor,
829 2054 925 2127 ipsam
937 2047 1057 2112 addere
1071 2047 1218 2115 debebat.
1241 2050 1350 2113 Aliam
1363 2044 1534 2112 bestiolam

421 2163 498 2228 dicit
518 2165 580 2228 illis
608 2165 737 2252 ineptiis
758 2166 888 2230 minime
911 2167 1062 2248 alienam
1096 2172 1191 2250 atque
1217 2167 1299 2230 sicut
1321 2163 1454 2230 XXIX.
1481 2160 1533 2226 106

421 2303 603 2346 muscarum
625 2284 732 2369 eapite
754 2255 1026 2364 commendantur,
1050 2283 1096 2346 ite
1116 2282 1178 2347 hoc
1199 2284 1269 2348 loco
1286 2285 1403 2370 quidni
1422 2299 1531 2346 carun·

421 2399 495 2463 dem
517 2400 702 2485 corporibus
734 2401 781 2464 nti
803 2400 949 2465 dicentur
971 2401 1078 2484 magii
1120 2401 1308 2482 Lagendum
1337 2409 1392 2466 est
1425 2399 1530 2484 igitur:

421 2537 590 2580 muscam
612 2524 710 2597 capite
730 2518 786 2583 rol.
912 2579 919 2586 .

341 2639 427 2710 671.
587 2684 590 2693 ·
817 2641 886 2714 102
914 2661 947 2694 =
973 2637 1120 2713 ibidem.

473 2767 690 2846 Stellionern
728 2769 911 2847 inclusum
939 2768 1102 2870 capsulis
1130 2771 1316 2847 subiciunt
1343 2769 1458 2871 capiti
1486 2806 1525 2820 -

477 2902 646 2979 devorari
687 2911 809 2979 autem
848 2904 976 2980 iubent
1013 2925 1078 2980 cor
1118 2904 1255 3004 mergi.
1281 2905 1413 3008 marini
1456 2899 1528 2976 sine

475 3035 572 3112 ferro
599 3044 810 3136 exemptum
835 3037 1153 3134 inveteratumque
1180 3037 1322 3112 conteri
1349 3044 1387 3112 et
1415 3035 1453 3110 in
1475 3051 1528 3105 ca·
1606 3049 1607 3110 l

475 3165 551 3243 lida
576 3190 672 3266 aqua
698 3168 785 3246 bibi

509 3297 597 3362 Scire
615 3299 710 3363 velim
732 3307 810 3386 quot
832 3301 971 3387 capsulis
984 3321 1067 3364 unus
1080 3299 1182 3364 stellio
1195 3299 1391 3364 includatur:
1417 3310 1528 3378 nempe
1605 3325 1606 3344 1

427 3417 544 3502 singuli
566 3415 709 3500 singulis,
752 3419 806 3501 qui
837 3440 988 3483 numerus
1009 3418 1117 3481 littera
1131 3437 1152 3480 r
1175 3417 1275 3480 semel
1296 3416 1418 3511 scripte
1441 3411 1524 3479 resti·

426 3533 525 3598 ruitur
547 3539 717 3613 capsulae.
761 3533 855 3608 Quod
877 3543 985 3600 autem
1007 3533 1172 3621 praecedit
1192 3533 1324 3597 verbum
1352 3537 1527 3597 incloserart

425 3651 575 3717 meliores
591 3650 663 3715 libri
683 3653 835 3738 scriptum
858 3651 1010 3716 exhibent
1031 3652 1051 3714 i.
1076 3671 1103 3715 e.
1122 3658 1265 3715 inclinum
1288 3671 1427 3716 aereae
1447 3667 1544 3726 copv

425 3777 553 3852 rectae,
576 3770 735 3855 quomodo
748 3769 870 3839 ΧΧΙΧ.
883 3772 944 3838 245
959 3790 1054 3834 aerea
1066 3769 1184 3854 pyxide
1206 3769 1292 3854 magi
1313 3771 1359 3833 uti
1377 3770 1523 3834 dicuntur·

426 3887 526 3951 Multo
549 3906 624 3952 vero
646 3888 751 3951 minus
774 3907 856 3973 quae
879 3889 987 3953 statim
1010 3860 1185 3972 sequuntur
1207 3892 1281 3971 apte
1296 3887 1447 3971 explicari
1461 3903 1525 3970 pos·

427 4009 510 4066 sunt.
553 4003 635 4067 Nam
658 4025 699 4068 ne
722 4006 808 4091 magi
832 4005 961 4091 quidem
993 4004 1026 4068 id
1049 4004 1194 4068 effecisse
1215 4004 1349 4088 putandi
1371 4013 1461 4085 aunt,
1495 4005 1524 4061 nt

427 4139 482 4183 oor
504 4118 710 4184 devoraretur
733 4121 983 4209 devoratumque
1004 4121 1178 4187 biberem
1200 4121 1263 4186 Hic
1275 4142 1400 4208 quoque
1416 4120 1523 4206 duplex

428 4213 561 4302 curandi
574 4234 688 4301 modus
711 4239 765 4323 qni
786 4241 935 4305 meliores
958 4239 1085 4304 codices
1107 4246 1280 4303 exararunt
1301 4239 1416 4304 vitiosa
1437 4237 1522 4320 scrip-

428 4409 500 4502 tiire
521 4375 781 4516 daretnetrtioque
816 4412 853 4501 'R
896 4379 1170 4518 inueterotiro'que
1193 4437 1219 4502 V
1248 4441 1351 4524 qualis
1373 4439 1467 4504 fuerit
1484 4437 1522 4500 in·

429 4553 554 4637 dicant,
589 4574 649 4619 nos
676 4553 762 4618 lucili
784 4553 1009 4622 emendatione
1032 4557 1243 4650 aperiemus:¹
1261 4564 1404 4622 devorari
1427 4597 1462 4607 -
1482 4575 1522 4620 er·

429 4683 565 4757 eruptum,
588 4678 781 4734 im’eteratum
799 4691 956 4751 quoquc
969 4711 1011 4722 -
1033 4661 1100 4740 dibi.
