3567 5559
692 569 795 636 Liber
816 573 880 642 VI.
1298 581 1345 648 99

215 758 389 846 prineipio
412 755 532 823 habuit
544 754 711 821 Arrianus
724 756 795 822 lml.
805 757 858 824 21.
877 757 971 824 nolle
993 777 1109 824 eornm
1129 781 1220 848 quae
1238 781 1340 834 antea

214 887 413 944 evenerunt
437 873 570 939 ratione
591 872 714 939 habita
766 875 848 940 Utut
868 885 922 942 est
945 911 987 928 -
1007 887 1041 942 et
1062 879 1126 944 iam
1149 882 1254 948 Plinio
1275 886 1339 970 ipsi

213 997 352 1080 primae
363 994 524 1058 stationis
536 995 636 1059 sitnm
646 993 795 1078 ignotam
805 990 912 1062 fuisse
923 996 1068 1063 vidimus
1079 1035 1119 1048 -
1134 999 1214 1066 illod
1223 1005 1340 1068 raetis·

215 1115 303 1180 sime
315 1114 508 1178 Lassenius
520 1111 766 1189 animadvertit,
788 1112 905 1176 urbem
926 1111 1068 1200 ligneam
1087 1117 1107 1182 i.
1119 1138 1149 1183 e.
1161 1120 1340 1186 stationem

216 1232 377 1297 navalem
393 1228 746 1318 nomineXylenepolio
759 1229 952 1314 significari,
973 1253 1059 1318 quae
1078 1234 1222 1307 litterae
1234 1259 1340 1324 apro.

215 1352 312 1415 ximo
334 1323 502 1414 vocabulo
523 1348 668 1432 repetita
687 1347 911 1434 Exilenepolis
931 1351 964 1414 in
986 1352 1064 1416 eod.
1083 1352 1127 1437 R,
1147 1356 1180 1419 in
1201 1357 1221 1420 d
1245 1358 1337 1442 Euty·

218 1467 381 1554 leuepolr's
401 1479 553 1534 vocatur.
597 1466 712 1550 ltaque
733 1467 806 1532 sine
829 1467 930 1532 dubio
951 1470 1164 1537 scribendum
1186 1473 1263 1540 erit:

648 1583 794 1669 Xyline
816 1585 925 1671 polis.

504 1709 507 1714 ’
647 1735 913 1813 os=mr0m
1356 1775 1417 1839 no

268 1892 367 1968 lnde
387 1887 681 1992 promontorium
697 1861 915 1964 Carmaniae
938 1902 1008 1987 est,
1036 1918 1086 1970 ex
1111 1918 1183 1992 quo
1209 1894 1248 1968 in
1273 1895 1336 1970 arl-

269 2054 395 2107 veraa
418 2053 492 2104 ora
517 2026 563 2100 ad
582 2036 731 2126 gentem
747 2025 911 2100 Arabiae
929 2025 1057 2102 Musas
1079 2029 1257 2106 traiectus
1283 2029 1337 2106 di-

271 2175 350 2240 stat
371 2164 408 2240 n
433 2164 487 2240 Μ.
514 2188 554 2262 Ρ.
1188 2161 1191 2170 ’

310 2315 347 2378 ln
366 2314 512 2378 adversa
533 2332 595 2378 ora
618 2313 781 2377 traiectos
807 2323 902 2377 esset
928 2314 1058 2400 inipso
1082 2315 1210 2380 Arabia
1232 2335 1337 2401 quae-

219 2432 361 2501 rendus,
406 2431 492 2496 Tum
512 2450 596 2495 vero
618 2413 774 2516 quoniam
795 2430 840 2495 ibi
862 2431 983 2498 lilaea—e
1004 2433 1210 2513 habitabant,
1231 2435 1336 2499 traie-

220 2561 297 2616 etas
318 2551 365 2615 ad
387 2548 576 2614 Carmanos
596 2568 663 2614 nee
681 2550 727 2612 ad
741 2548 875 2615 Arabes
893 2549 990 2616 lieret
1011 2553 1218 2618 necessario.
1251 2551 1335 2616 Gom

219 2669 286 2734 alio
299 2679 415 2732 antem
428 2665 594 2732 vocabulo
604 2669 710 2732 verba
729 2669 884 2753 oouioogi
898 2685 1084 2756 nequeunt=
1107 2674 1221 2754 itaque
1233 2668 1336 2731 lineo-

219 2788 284 2854 lam
303 2790 340 2853 iu
352 2785 543 2870 archetypo
554 2786 734 2852 evanuisse
749 2789 956 2851 censendum
976 2798 1010 2851 et
1032 2788 1245 2853 scribendum
1257 2786 1337 2849 orit:

548 2903 588 2965 iro
607 2903 796 2968 odumom
817 2925 920 2966 oram
948 2903 1010 2968 rel.

646 3056 697 3130 99
710 3053 913 3130 :ibidem
970 3165 976 3176 ι
1356 3093 1417 3158 127

160 3242 162 3262 ,
274 3235 328 3250 -
345 3195 483 3267 flumen
508 3189 804 3292 Sitiogagua,
832 3217 905 3290 quo
916 3192 1149 3292 Pasargadas
1166 3202 1336 3294 septumo

271 3329 335 3404 dle
360 3329 567 3428 navigatur.

302 3480 479 3546 Sitaoom
498 3480 647 3545 nominat
659 3478 839 3559 Arrianus,
859 3489 894 3544 ot
913 3478 1044 3544 videtur
1057 3478 1182 3544 Plinius
1202 3499 1337 3564 quoque

222 3598 431 3662 nominasse·
461 3600 546 3664 Nam
567 3619 656 3686 quae
677 3599 711 3662 in
731 3598 827 3664 libris
847 3599 934 3664 Mss,
953 3596 1110 3685 leguntur
1130 3599 1265 3662 nomina
1285 3595 1337 3662 Si·

223 3716 392 3803 liquas,
418 3713 627 3808 Sitioqorluo,
652 3714 839 3806 Siliopupus
864 3717 993 3796 omnio,
1021 3727 1178 3800 utputo,
1208 3715 1339 3782 efalsa

222 3833 490 3918 reduplicatione
502 3833 655 3920 syllabae
671 3857 711 3899 ae
733 3845 915 3915 ortanum,
935 3843 971 3896 ot
992 3834 1025 3896 iu
1046 3832 1234 3916 archetypo
1257 3835 1340 3896 sori-

223 3964 318 4036 ptum
343 3952 450 4019 luisse
479 3955 666 4038 putandum
699 3954 744 4022 sit
768 3974 945 4018 errrorem.
1002 3949 1160 4014 Ceterum
1192 3948 1340 4016 sortasse

223 4070 324 4136 fossa
342 4092 417 4137 oum
437 4071 531 4157 Cyro
550 4073 834 4159 coniungebamr:
863 4071 907 4138 ad
927 4069 1143 4155 Pasargadas
1165 4067 1251 4134 enirn
1268 4091 1339 4138 non

222 4192 431 4276 pertinuisse
453 4202 597 4258 constat

303 4313 336 4399 ᾖ
360 4309 436 4378 1⁰4.
465 4323 562 4375 reete
586 4312 792 4394 interpunxit
818 4309 1003 4375 Schwanb.
1030 4329 1062 4393 p.
1075 4305 1152 4376 375.
1174 4309 1339 4396 oppidum,
1457 4397 1460 4402 1

225 4432 311 4520 rapio
335 4431 430 4493 eluse
451 4427 601 4493 formose
620 4429 746 4517 rephun
765 4430 918 4494 seribere
941 4439 1106 4514 praestet,
1127 4427 1216 4492 siout
1231 4430 1261 4516 §.
1269 4425 1340 4492 13&

226 4551 367 4628 „urbem
387 4548 544 4634 regiom‘
566 4546 717 4633 legimus,
759 4545 789 4630 §.
801 4546 872 4612 107.
891 4547 1043 4634 ὠμκὸι
1061 4547 1253 4612 induentis
1274 4565 1341 4608 mu·

1084 4679 1133 4738 ,μ
