3567 5559
236 3675 240 3682 ι
357 3573 420 3643 690
925 3573 1059 3639 Ibidem.
1185 3589 1187 3593 ·

441 706 502 778 192
878 689 966 770 rina
987 711 1109 772 mr.

381 995 386 1002 Ι
440 903 622 988 corruptela
655 902 812 987 reperitur
838 905 1103 981 Theophilurastus
1132 903 1336 967 emendatur:
1383 909 1413 964 tn
1442 907 1536 964 Indiae

445 1025 635 1084 Tradastitts.
659 1025 848 1082 Scotussam
869 1018 910 1083 ab
933 1019 1010 1084 Iano
1034 1026 1210 1084 correctum
1233 1027 1290 1085 est.

359 1209 421 1278 537
887 1177 935 1248 20
951 1211 985 1242 ε
1007 1178 1103 1262 2,17.

492 1304 685 1382 Crannone
732 1314 789 1379 cst
828 1304 912 1381 sons
953 1301 1095 1380 calidus
1124 1345 1167 1360 -
1201 1305 1264 1402 qni
1303 1305 1387 1380 vino
1429 1301 1541 1376 tridnn
1602 1306 1604 1334 ¹

490 1436 617 1512 addito
645 1434 805 1512 calorem
832 1436 994 1537 potionis
1023 1436 1184 1512 custodit
1210 1437 1246 1510 in
1274 1438 1386 1511 vasis.
1606 1447 1607 1482 I

530 1567 705 1664 ‘Athenaei
737 1570 876 1653 epitome
903 1568 945 1632 Π.
968 1591 997 1653 p.
1020 1568 1061 1634 42
1095 1571 1268 1654 Κραννῶνι
1306 1565 1429 1634 δ’ἐστὶν
1463 1562 1544 1645 ὕδωρ

441 1685 546 1772 ἡσυχῆ
567 1686 709 1770 θερμὸν,
746 1684 765 1751 ‘d
798 1686 950 1772 διατηρεῖ
979 1690 1149 1771 κραθέντα
1181 1686 1240 1752 τὸν
1275 1661 1367 1753 οἶνον
1400 1681 1462 1750 ἐπὶ
1490 1680 1544 1744 dria

441 1810 499 1870 καὶ
519 1811 605 1889 τρεῖς
625 1799 758 1888 ἡμέρας.
801 1802 953 1889 Sequitur
985 1803 1083 1867 verba
1104 1803 1197 1866 Plinii
1227 1804 1272 1867 sie
1300 1800 1467 1887 transponi
1496 1795 1543 1858 de·

441 1922 534 1986 bere:
557 1926 609 1998 qut
629 1926 697 1985 virro
722 1927 767 1984 od
775 1925 814 1984 dt
821 1933 832 1983 t
840 1941 858 1985 0
881 1927 1013 1986 triduo
1036 1927 1166 1986 calorem
1187 1922 1249 2002 rel.v

731 2078 780 2152 28
804 2099 845 2129 =
872 2079 968 2164 2,19.
1008 2073 1077 2165 (de
1103 2081 1263 2174 tempe).

490 2203 623 2305 siliqua
655 2206 836 2318 siluestris
868 2207 1041 2306 amplecti
1076 2207 1261 2283 radicibus
1300 2207 1434 2285 iontem
1465 2223 1540 2277 eun

492 2339 624 2414 dicitnr
649 2363 797 2438 semper
821 2340 958 2417 florens
986 2363 1158 2440 purpura.

524 2470 639 2551 ,Arbor
668 2471 785 2535 florens
820 2463 978 2558 purpureo
1013 2473 1130 2537 eolere‘
1169 2471 1294 2539 Vitruv.
1325 2470 1412 2536 VIII.
1433 2471 1465 2535 3.
1500 2467 1539 2530 n.
1606 2451 1607 2474 ¹

442 2586 556 2673 Itaque
580 2588 684 2653 scribo
702 2595 830 2668 storeae,
851 2610 1059 2670 purpurea.

356 2736 417 2805 689
880 2713 928 2786 30
953 2730 1001 2790 =.
1026 2713 1120 2798 220.
1247 2703 1254 2711 ’

489 2838 728 2916 Destillantes
765 2862 915 2939 quoque
948 2848 1075 2941 guttae
1114 2839 1238 2939 lapide
1277 2839 1474 2915 durescunt
1505 2835 1534 2908 in

490 2974 603 3048 antris
631 2973 807 3070 Coryciis,

526 3111 641 3170 doricis
662 3111 729 3169 idco
752 3105 843 3187 VR,
872 3104 959 3169 unde
982 3105 1047 3169 Sill.
1078 3110 1145 3172 item
1166 3110 1196 3168 in
1220 3109 1324 3180 Idaeo,
1361 3105 1425 3168 lan.
1447 3107 1535 3166 ldnee

440 3224 591 3306 coniecit,
626 3222 711 3309 qued
749 3219 858 3288 n'escio
887 3222 1047 3308 quemodo
1076 3243 1147 3306 pum
1185 3222 1352 3286 verborum
1388 3225 1537 3284 structura
1606 3247 1607 3304 p

440 3340 665 3420 conciliaverit.
689 3340 869 3425 Simplicius
891 3346 924 3404 et
945 3340 1007 3404 uisi
1024 3339 1117 3404 fallor
1138 3340 1244 3404 verius
1266 3338 1383 3424 legitur
1403 3344 1431 3402 tn
1447 3341 1537 3399 antris

441 3460 577 3538 Coryciis
598 3463 617 3518 I
622 3463 643 3520 d
650 3477 702 3520 uc.
1606 3535 1607 3592 1

490 3695 526 3768 in
562 3685 780 3792 quibusdam
821 3692 1010 3792 speluncis
1038 3750 1046 3768 .
1076 3753 1083 3769 .
1111 3691 1376 3787 columnasque
1409 3691 1536 3767 iaciunt
1606 3762 1607 3823 Ν

494 3832 684 3926 (guttae),
724 3833 763 3902 ut
800 3826 837 3900 in
865 3824 1024 3902 Phausia
1066 3823 1288 3902 Chersonesi
1316 3821 1535 3900 Rhodiorum
1606 3835 1607 3845 ‘

489 3958 586 4034 rel·
1606 3980 1607 4041 i

522 4089 696 4155 Phausiam
718 4091 880 4155 codicibus
897 4109 1023 4176 quoque
1038 4090 1173 4154 alienam
1194 4096 1338 4181 veterum
1354 4089 1534 4174 scriptorum

439 4227 532 4270 nemo
555 4226 691 4291 usquam
713 4208 899 4271 nominavit.
942 4207 1031 4271 Libri
1052 4206 1173 4271 habent
1204 4213 1340 4287 iprensis
1361 4205 1421 4269 Vd
1445 4211 1535 4286 ipnn'n

436 4298 483 4407 R,
506 4324 592 4388 unde
615 4323 745 4408 dempta
766 4325 869 4388 ideali
891 4345 974 4410 quae
1001 4323 1273 4409 praepositionem
1295 4323 1438 4388 continet
1459 4321 1534 4409 quod

439 4448 584 4508 remanet
607 4446 696 4522 prata
723 4447 755 4504 et
783 4448 928 4506 comesta
954 4442 1131 4506 litterarum
1159 4442 1399 4526 perturbatione
1426 4448 1459 4504 et
1486 4440 1532 4504 ad·

352 4588 354 4593 ·
440 4563 507 4627 dita
528 4579 611 4647 quae
632 4559 797 4624 interierat
818 4558 943 4643 syllaba
965 4559 1125 4624 simillima
1140 4558 1226 4622 facili
1241 4556 1465 4622 emendatione
1485 4578 1532 4622 ne·

318 4669 337 4686 ⁹
439 4679 564 4744 tissima
575 4677 767 4743 Chersonesi
788 4676 877 4761 regie
904 4676 1011 4754 (etis.
1026 4678 1104 4758 104)
1130 4675 1265 4762 efficitur
1285 4683 1316 4741 tn
1337 4679 1532 4740 Bubnsrtn.
