3567 5559
252 693 258 706 “
344 699 348 704 ’
445 705 507 774 128
885 709 975 769 roe
993 707 1122 770 xum.

445 911 639 992 conquestus
662 901 716 968 est*
733 903 811 982 Sill,
833 903 956 968 seilicet
973 901 1063 968 libris
1081 900 1173 966 MSS.
1198 908 1322 966 temere
1345 901 1466 986 spretis.
1486 898 1536 972 Qui

445 1043 542 1109 quum
563 1042 628 1086 nou
650 1025 693 1084 ad
713 1019 770 1084 sed
792 1031 820 1084 et
840 1027 972 1085 tormina
992 1019 1149 1100 habeant,
1178 1019 1388 1084 scribendum
1409 990 1470 1082 est:

492 1143 524 1202 V.
546 1161 575 1202 a.
598 1160 625 1202 o.
644 1142 670 1215 f.
690 1159 715 1202 s.
738 1142 766 1200 d.
788 1143 868 1220 eins,
891 1143 970 1202 ,item
985 1142 1065 1200 cinis
1085 1150 1116 1199 e!
1134 1143 1286 1210 termium·
1310 1149 1408 1217 potres
1433 1145 1463 1199 r‘n
1481 1142 1538 1197 oisc

485 1262 554 1320 albo
576 1252 611 1320 ἐπ’
628 1262 704 1320 nub.
727 1276 754 1318 o.
775 1239 804 1318 οξ
1047 1263 1051 1266 ’

361 1367 423 1436 ⁵⁰²
849 1413 1128 1499 ·1os=o,5s.

442 1543 454 1570 '
493 1539 627 1640 punica
653 1539 760 1616 acida
786 1537 899 1616 multa
924 1541 1138 1617 tunduntur.

526 1671 763 1736 Vocabulorum
785 1678 877 1736 acida
898 1679 991 1736 multo
1014 1694 1097 1761 qnae
1118 1693 1184 1736 non
1201 1671 1408 1756 reperiuntur
1430 1670 1461 1732 in
1483 1665 1540 1744 cod.

444 1810 475 1870 a,
497 1789 631 1853 alterum
653 1810 716 1853 uon
740 1790 958 1853 necessarium
980 1798 1044 1873 est,
1065 1771 1150 1854 'nam
1173 1788 1214 1854 de
1237 1790 1354 1853 acerbo
1377 1787 1464 1852 malo
1485 1791 1540 1848 tau·

444 1915 510 1971 tum
534 1908 654 1992 egitur,
687 1907 821 1970 alterum
848 1907 992 1993 ineptum
1026 1928 1098 1972 esse
1124 1909 1189 1971 iam
1212 1905 1279 1971 Sill.
1309 1895 1540 1970 animadvertit:

443 2027 551 2111 itaque
572 2026 691 2109 optimo
713 2024 793 2087 libro
817 2033 947 2090 auctore
970 2024 1186 2118 expungenda
1207 2043 1279 2087 esse
1301 2023 1450 2088 arbitror.

244 2157 253 2180 1
361 2126 422 2195 503
876 2149 945 2221 113
971 2150 1134 2233 :suo

300 2270 306 2286 '
491 2275 579 2352 tosti
604 2277 778 2374 musique
810 2275 1040 2354 stomachum
1067 2277 1194 2352 iuvant
1232 2273 1316 2351 cibo
1343 2281 1407 2350 aut
1433 2269 1541 2372 potio·

468 2408 600 2512 ‚nibus
626 2408 802 2508 inspersi;
843 2407 1015 2486 bibuntur
1042 2435 1090 2487 ex
1115 2430 1212 2506 aqua
1248 2406 1404 2482 caelesti
1429 2404 1476 2481 ad
1500 2399 1540 2476 si·

493 2542 665 2617 siendum
690 2540 824 2617 alvum.
852 2575 854 2582 v

526 2674 599 2740 Non
621 2681 750 2756 inspersi
771 2673 899 2738 codices
921 2672 1053 2754 habent,
1075 2672 1133 2736 sed
1150 2693 1260 2753 perse.
1285 2671 1456 2736 Contraria
1476 2674 1538 2732 suut

444 2793 527 2857 ociui
548 2793 581 2856 iu
603 2793 674 2857 cibo
697 2799 752 2857 out
773 2791 904 2876 potione
921 2791 1039 2877 sumpti
1051 2791 1090 2854 iis
1105 2791 1159 2875 qui
1174 2811 1231 2870 per
1249 2811 1284 2854 se
1307 2789 1465 2854 bibuntur.
1485 2785 1538 2850 ltn-
1597 2764 1598 2785 ¹

443 2932 505 2997 que
528 2910 731 2974 scribendum
752 2916 817 2973 est:
961 2992 963 2997 Ι
1200 2916 1207 2929 “
1597 2944 1599 2991 p

462 3064 464 3076 ι
486 3040 504 3091 t.
528 3040 548 3091 t.
570 3050 595 3090 c.
617 3029 637 3091 ι’.
660 3050 685 3092 c.
708 3049 737 3090 a.
757 3031 940 3106 potionibus,
958 3045 1017 3104 per
1036 3045 1070 3087 se
1091 3029 1149 3088 bib.
1172 3045 1197 3087 e.
1220 3045 1251 3086 o.
1269 3045 1293 3087 c.
1317 3045 1345 3086 a.
1366 3045 1393 3088 c.
1415 3044 1444 3088 o.

296 3206 304 3216 κ
360 3161 422 3228 504
614 3129 843 3252 122=uun
865 3161 933 3255 (de
961 3160 1032 3238 fico
1062 3159 1162 3236 sicca
1187 3159 1385 3257 loquitur).
1488 3161 1492 3169 ’

437 3315 458 3356 -·
497 3295 591 3373 Utile
618 3301 655 3371 et
684 3296 841 3372 decocto
868 3293 998 3370 fovere
1020 3313 1145 3369 earum
1172 3273 1336 3368 feminas.
1363 3291 1538 3368 Decoctae

493 3450 642 3526 quoque
669 3431 824 3503 eaedem
865 3449 948 3502 cum
975 3425 1061 3503 feno
1089 3423 1233 3501 Graeco
1250 3423 1377 3510 ,utiles
1404 3423 1539 3500 suntet

494 3560 695 3664 pleuriticis
727 3566 764 3636 el
789 3557 1163 3660 peripneumonicis„
1191 3557 1281 3635 Cum
1316 3531 1397 3633 ruta
1423 3561 1539 3634 coctae

482 3695 712 3778 ,torminibus
737 3699 911 3798 prosunt,
935 3692 1106 3769 tibiarum
1133 3690 1318 3790 ulceribus
1346 3712 1432 3766 cum
1457 3685 1538 3764 aeris

494 3831 585 3907 llere
612 3837 683 3906 etc.
945 3925 949 3930 ι

529 3965 657 4026 Locum.
680 3962 758 4026 satis
791 3957 979 4044 impeditum
1006 3956 1103 4022 lanus
1139 3955 1397 4041 interpunctione
1431 3957 1539 4018 mutan

447 4063 585 4142 correxit
608 4079 760 4150 laudabili
781 4079 834 4141 ille
856 4077 986 4162 quidem
1006 4077 1172 4156 instituto,
1206 4083 1322 4140 eventu
1343 4072 1537 4158 improspere·

372 4285 376 4292 ι
446 4197 531 4260 Dum
553 4194 638 4260 euim
659 4195 754 4259 Plinii
776 4195 874 4259 verba
896 4195 942 4260 sic
964 4194 1109 4259 ordinat:
1131 4217 1160 4259 o.
1184 4213 1210 4258 e.
1232 4197 1262 4258 d.
1281 4196 1306 4269 fi
1328 4211 1444 4272 eornm,
1464 4191 1539 4266 seni·

446 4333 640 4394 omoeoque
661 4319 785 4378 decocto
807 4317 910 4376 eodem
931 4331 957 4380 c.
977 4318 1002 4390 fi
1027 4319 1153 4377 Graeco.
1177 4317 1263 4375 utiles
1281 4331 1305 4372 s.
1328 4329 1405 4389 esp.
1428 4328 1453 4376 e.
1472 4309 1537 4388 peri·

443 4438 638 4516 plcumom'or's
660 4432 724 4512 (ita
746 4430 830 4494 enim
852 4429 979 4506 scribit)
1014 4451 1080 4496 cum
1113 4441 1185 4494 roto
1222 4438 1327 4494 coeloe
1359 4439 1390 4490 er
1418 4432 1537 4490 mbos

443 4563 581 4638 prosunt,
603 4529 654 4620 ot.
677 4555 754 4631 etc,
782 4546 980 4612 Dioscuridis
1003 4548 1227 4611 auctoritatem
1248 4534 1536 4619 immeritovidetnr

447 4672 628 4758 neglexisse
662 4686 764 4754 eaque
801 4666 923 4752 primus
954 4664 1164 4732 addubitasse
1205 4663 1320 4748 quibus
1359 4663 1534 4749 reliquorum
