3567 5559
411 647 454 716 a
862 603 1062 742 mm

464 843 675 958 dripertitos
700 874 878 930 venarum
905 874 1034 929 cursus
1054 851 1254 950 bifidosque
1267 850 1430 940 habeant
1444 849 1510 927 vel

460 981 609 1059 omuino
636 983 836 1085 simplices,

494 1112 706 1201 Theophrast.
739 1117 779 1185 V.
814 1123 843 1186 1.
864 1119 901 1188 9:
940 1115 1014 1186 ἔστι
1047 1119 1110 1207 γὰρ
1145 1115 1163 1205 ἢ
1192 1119 1261 1202 μὲν
1285 1115 1472 1200 τετραξὸος
1501 1115 1519 1200 ἦ

412 1230 592 1312 destituor,
614 1255 750 1321 quocum
766 1239 926 1303 consentit
947 1237 1039 1302 codd.
1061 1235 1088 1301 T
1106 1235 1126 1300 d
1148 1238 1239 1302 lectio
1255 1241 1398 1316 bifidosve,
1426 1233 1522 1298 haud

413 1347 511 1416 dnbio
531 1353 725 1438 recipienda.

596 1521 1442 1639 lmmmmmaw.'

416 1773 483 1786 ....
499 1689 674 1780 Utriusque
693 1685 764 1763 loci
792 1698 1005 1784 interpunctio
1021 1695 1221 1760 -emendetur
1242 1699 1365 1780 oportet.
1421 1690 1475 1754 Et
1495 1689 1528 1752 in

415 1791 523 1876 ¹o'ltero
550 1814 694 1899 quidem,
728 1817 847 1903 inquo
879 1824 1005 1882 montes
1033 1815 1107 1879 Iura
1137 1822 1169 1880 et
1196 1813 1340 1898 Vosegus
1364 1831 1382 1874 a
1412 1807 1525 1873 Gallis

415 1930 500 1995 mala
521 1933 617 2019 vulgo
651 1934 945 2021 distinguebantur,
979 1931 1223 2019 coniungendae
1252 1936 1324 1995 sunt
1351 1948 1459 1994 voces
1496 1925 1528 1988 in

420 2052 520 2112 Gallia
546 2053 671 2116 Inritus
698 2075 736 2118 oc
762 2066 860 2119 monte
895 2061 1008 2132 Voseqo
1039 2050 1096 2122 (de
1123 2051 1239 2135 plurali
1271 2051 1353 2114 enirn
1379 2061 1524 2111 numero

418 2170 504 2229 lares
516 2167 542 2232 I.
565 2189 594 2253 p.
609 2170 651 2237 37
672 2192 736 2236 non
759 2174 835 2236 satis
849 2173 1078 2256 ei'reumsp'eote
1101 2158 1331 2249 dubitaveram,
1355 2185 1445 2252 quae
1470 2159 1525 2224 IV.

418 2283 457 2347 lb
480 2285 576 2348 etiam
598 2239 717 2351 codidis
739 2291 770 2352 A
791 2291 997 2371 auctoritate,
1024 2287 1082 2351 ΠΙ.
1106 2286 1145 2352 31
1176 2291 1209 2351 et
1229 2285 1260 2351 h.
1283 2286 1302 2351 l.
1325 2286 1524 2370 reliquorum
1603 2267 1604 2274 ἵ

416 2397 561 2464 codicum
594 2423 753 2469 consensu
781 2407 998 2491 defenditur);
1020 2406 1052 2469 in
1075 2405 1175 2470 altero
1204 2402 1415 2488 Theophrasti
1431 2401 1523 2463 loeus

413 2515 500 2581 unde
519 2516 643 2584 Plinius
667 2543 726 2586 sua
747 2527 883 2611 sumpsit
903 2525 943 2590 V.
965 2527 995 2593 3.
1019 2527 1034 2590 l
1058 2522 1100 2586 ad
1121 2521 1353 2586 restituendam
1374 2519 1523 2585 codicum

414 2635 585 2702 lectionem
607 2645 694 2704 reate
716 2640 860 2706 adhiberi
880 2642 1015 2708 videtur.
1058 2640 1149 2715 Quae
1172 2639 1256 2703 enim
1275 2639 1361 2724 apud
1381 2635 1519 2703 Plinium

415 2752 581 2838 leguntur:
1138 2761 1141 2770 '

333 2885 440 2983 29οἣ
467 2886 680 2968 Celebraiur
712 2901 749 2970 et
775 2893 964 2972 Thericles
997 2893 1144 2970 nomine
1178 2890 1313 2968 calices
1347 2898 1520 3010 exiere·

464 3022 594 3101 bintho
635 3025 923 3138 solitus¹faoere
957 3034 1082 3104 torno:
1130 3007 1307 3125 perquam
1347 3025 1518 3124 probatur

466 3157 637 3256 materies
937 3247 950 3252 ⁸

418 3285 482 3362 (ita
504 3287 589 3370 eninr
611 3289 720 3368 codd,
748 3310 813 3355 non
835 3301 923 3355 torno
948 3309 1006 3369 per
1039 3309 1123 3368 quem
1157 3287 1242 3373 quod
1269 3287 1442 3373 evulgata
1462 3283 1519 3346 leo
1604 3305 1605 3314 ¹

415 3403 502 3466 tione
524 3402 559 3467 S.
583 3407 738 3488 servavit)
765 3428 837 3471 cum
859 3406 1098 3492 Theophrasto,
1129 3406 1182 3491 qui
1217 3422 1289 3468 eum
1312 3404 1357 3468 ait
1388 3396 1517 3491 τορνεύ-
1604 3423 1605 3456 1

415 3527 521 3587 rodas
542 3522 580 3587 δὲ
602 3519 639 3600 ἐξ
661 3521 771 3590 αὐτῶν
798 3529 854 3588 καὶ
875 3523 1009 3599 κύλικας
1031 3527 1257 3610 θηρικλείους,
1286 3520 1373 3586 ὥστε
1395 3520 1516 3606 μηδένα
1602 3557 1603 3564 1

414 3637 458 3704 ἂν
484 3639 667 3721 διαγνῶναι
700 3627 783 3725 node
810 3641 869 3718 τὰς
902 3645 1082 3727 κεραμέας,
1114 3642 1217 3727 ipsam
1245 3639 1430 3720 materiem,
1455 3651 1512 3700 non

415 3756 568 3822 artificem
590 3758 717 3841 laudat,
745 3764 810 3822 tam
839 3735 969 3844 egregie
998 3759 1196 3844 conspirant,
1231 3763 1267 3822 ut
1287 3755 1366 3820 nihil
1389 3754 1523 3818 omnino
1593 3763 1600 3840 ,s

415 3873 599 3940 offensionis
614 3850 779 3940 remaneat
796 3897 901 3962 neque
923 3876 1001 3941 Iano
1014 3875 1252 3940 assentiendum
1274 3893 1347 3937 esse
1360 3862 1511 3946 videstrlr,
1596 3856 1597 3863 ἵ

284 4064 289 4069 1
415 3989 469 4072 qui
491 4010 530 4052 ea
550 4012 634 4075 quas
654 3993 777 4057 Plinius
799 4000 835 4057 ut
855 4015 884 4058 v.
907 3994 1129 4081 τορνεύεσθαι
1159 3993 1423 4076 interpretaretur
1445 4007 1509 4052 con·

414 4104 518 4168 iunxit
538 4113 612 4190 post
632 4131 660 4172 v.
684 4113 809 4189 ,acere‘
830 4109 1087 4194 interpungeudo
1110 4108 1241 4173 divellit.
1285 4106 1406 4170 Contra
1432 4105 1509 4170 idem

416 4195 550 4306 scriptor
572 4223 610 4285 V.
633 4227 661 4288 2.
675 4226 702 4305 ,1
732 4225 791 4307 τὴν
814 4223 1001 4309 educaveris
1023 4225 1162 4290 abietem
1185 4245 1257 4288 cum
1280 4225 1508 4298 commemoret,

320 4365 325 4371 ·
414 4345 502 4403 recte
535 4359 554 4402 a
585 4337 728 4402 Barbaro
759 4341 788 4422 §-
818 4339 873 4407 197
896 4346 1062 4404 ,teutonico
1090 4361 1154 4404 non
1178 4348 1339 4404 Aeneades
1366 4341 1506 4424 seriptum

416 4477 488 4522 esse
510 4457 654 4536 efficitur,
677 4457 754 4520 item
772 4457 842 4520 loeo
865 4459 904 4521 V.
927 4459 993 4524 3.1
1018 4457 1226 4523 certissimam
1250 4457 1398 4522 Salmasii
1415 4477 1504 4522 emen·

416 4574 578 4659 dationem
600 4575 628 4659 ᾗ.
649 4573 711 4650 204
730 4579 911 4653 spississima
924 4583 999 4640 lotos
1027 4579 1178 4658 (ocissimo
1199 4583 1275 4640 lotos
1299 4576 1336 4659 a)
1360 4576 1503 4641 immerito

1065 5121 1605 5232 fffae*-l
