3567 5559
866 725 956 790 arta
976 710 1066 789 rur.
1087 683 1094 695 ’

328 973 392 1044 29⁷
809 978 882 1053 aas
908 979 955 1041 =·
982 978 1039 1065 44,
1066 977 1125 1051 aa.

465 1127 559 1206 Sunt
585 1133 758 1204 auctores
790 1131 827 1200 et
851 1123 1069 1224 Delphicam
1105 1121 1285 1222 platanum
1308 1121 1525 1219 Agamem-

465 1260 574 1338 nonis
614 1282 724 1335 manu
762 1265 878 1335 satam
918 1267 954 1333 et
993 1257 1145 1334 alteram
1186 1253 1402 1355 inCaphpis
1446 1255 1522 1331 Ar-
1620 1285 1621 1314 t

466 1393 595 1470 cadiae
622 1390 721 1473 luco.

496 1523 569 1588 Non
590 1524 680 1587 lucus
703 1522 760 1589 ssd
787 1522 940 1609 oppidum
968 1523 1097 1588 luerunt
1120 1520 1293 1612 (iaphyae‚⁴
1313 1519 1520 1586 scribendum
1620 1525 1621 1533 ’

414 1648 465 1706 est
483 1641 595 1728 igitur:
616 1647 695 1724 loco,
717 1639 757 1706 of.
778 1639 938 1726 Theophr.
961 1639 1017 1705 IV.
1031 1642 1091 1726 ia.
1113 1641 1141 1707 2.

331 1816 394 1887 298
811 1800 883 1872 239
908 1819 949 1850 =
978 1799 1032 1884 44,
1059 1799 1119 1872 89.
1193 1799 1199 1808 “

465 1930 578 2031 Argis
623 1928 706 2007 olea
732 1930 941 2006 etiamnunc
979 1929 1110 2004 durare
1138 1930 1285 2020 dicitur,
1335 1927 1519 2024 adquam
1620 1949 1621 2022 j

463 2063 503 2142 lo
529 2064 565 2140 in
591 2070 734 2140 taurum
760 2066 935 2139 mutatam
960 2061 1086 2158 Argus
1114 2059 1330 2161 alligaverit.

496 2197 547 2284 Sic
575 2197 672 2260 Ianus
695 2216 712 2258 c
734 2192 914 2274 codicibus,
947 2194 1060 2258 melius
1095 2195 1207 2280 utique
1234 2173 1338 2280 'quam
1353 2193 1426 2259 .Sill.
1465 2194 1519 2275 qui

415 2312 584 2397 avulgata
611 2314 747 2374 lectione
769 2331 894 2397 vaccum
922 2312 1069 2394 retinuit,
1101 2311 1215 2376 callide
1238 2319 1346 2377 tamen
1373 2317 1473 2374 bovem
1500 2332 1519 2374 a
1620 2344 1621 2373 t

364 2465 370 2484 ι
414 2428 517 2492 Plinio
560 2429 714 2515 scriptum
759 2448 830 2492 csse
874 2430 1019 2493 coniecit.
1062 2429 1157 2503 Quod
1191 2438 1298 2495 autem
1329 2431 1421 2494 Ianus
1450 2450 1517 2492 non

415 2567 526 2610 sexum
549 2547 607 2611 scd
636 2568 756 2613 cornua
776 2548 892 2632 respici
922 2548 981 2629 ait,
1025 2547 1316 2631 rememorasse,
1359 2548 1385 2612 si
1416 2553 1517 2611 bovem
1620 2584 1621 2620 5

414 2665 569 2750 legerem,
613 2678 732 2730 rourum
773 2664 925 2729 feminam
965 2663 1027 2728 dici
1068 2686 1143 2729 non‘
1174 2666 1252 2729 fero.
1296 2651 1360 2732 Pro
1401 2679 1516 2729 tourtam

414 2782 616 2846 scribendum
639 2789 689 2849 cst
710 2794 836 2863 taurum,
858 2783 949 2845 cuius
969 2783 1042 2868 ipsa
1064 2761 1225 2865 sterilitas,
1248 2788 1322 2849 n'am
1344 2784 1419 2850 mihi
1438 2805 1515 2869 quo·
1620 2824 1621 2856 r

413 2919 475 2984 que
490 2903 632 2987 argutari
644 2900 762 2982 licebit,
784 2899 899 2964 Iunoni
915 2899 1073 2985 placebat.
1097 2900 1136 2964 In
1154 2901 1267 2965 eodem
1286 2903 1357 2967 loco
1380 2903 1513 2966 hrmrrlus

414 3017 529 3102 Amyci
552 3042 572 3081 a
592 3039 730 3100 supremo
753 3024 802 3082 dte
824 3019 845 3080 i.
868 3035 896 3079 c.
920 3017 1027 3080 statim
1063 3024 1138 3102 post
1169 3019 1237 3082 eius
1265 3027 1402 3084 mortem
1427 3021 1512 3084 lauro

330 3135 332 3140 ’
369 3174 371 3177 -
414 3136 480 3220 tegi
493 3135 617 3218 dicitur,
640 3136 755 3222 quihus
776 3134 881 3199 verbis
905 3134 1013 3198 nescio
1036 3135 1116 3218 quid
1135 3136 1204 3199 vitii
1217 3137 1323 3200 inesse
1337 3136 1376 3200 Ο.
1389 3136 1511 3201 Iahnius

412 3251 446 3314 in
474 3251 554 3315 libro
587 3272 649 3336 quo
671 3253 711 3317 de
745 3253 828 3317 cista
848 3251 1018 3315 Ficcronia
1047 3253 1113 3337 ogit
1145 3274 1176 3339 p.
1199 3245 1227 3316 4x
1248 3253 1371 3318 sibiet
1399 3253 1510 3339 Silligio

215 3443 218 3450 Ι
354 3411 370 3438 .
397 3364 581 3453 persuasit.
825 3347 828 3357 ¹

811 3527 881 3598 241
911 3549 948 3582 =
977 3528 1034 3615 44,
1062 3528 1121 3602 90.

461 3670 688 3751 Brevissima
713 3673 788 3748 vita
820 3679 876 3750 est
910 3716 951 3726 -
977 3717 1024 3729 -
1050 3671 1156 3749 malis
1183 3681 1220 3750 et
1255 3698 1301 3751 ex
1328 3673 1387 3752 his
1411 3697 1506 3774 prae-
1620 3705 1621 3776 p

462 3808 616 3887 cocibus
642 3805 791 3884 brevior
816 3829 926 3905 quarn
960 3805 1150 3896 serotinis,
1196 3805 1366 3884 dulcibus
1407 3831 1503 3907 quarn

461 3941 768 4017 acutis--item
780 3941 816 4015 in
829 3939 966 4017 vitibus
979 3939 1255 4039 praecipueque
1265 3939 1498 4027 fertilioribus.

247 3599 251 3607 ’
328 3583 391 3653 299

1620 3871 1621 3920 r

361 4118 363 4122 .
473 4075 578 4134 Acutis
598 4072 788 4162 mendosum
810 4091 883 4136 asse
904 4092 921 4135 c
943 4071 1157 4156 Theophrasti
1177 4070 1233 4134 IV.
1256 4072 1338 4138 13.2
1364 4070 1498 4158 verbisp
1620 4125 1621 4164 3

310 4209 314 4215 ¹
410 4187 544 4266 γλυκεία
564 4193 620 4271 τῆς
643 4185 751 4264 ὀξείας
772 4194 859 4253 recto
882 4189 1011 4273 collegit
1021 4189 1203 4275 Pintianus3
1235 4188 1320 4273 quod
1342 4196 1441 4254 autern
1459 4191 1498 4253 ei·
1593 4206 1597 4217 ·
1620 4245 1621 4284 4

411 4301 483 4366 dem
506 4302 671 4374 substituit
692 4309 799 4386 acidis,
821 4306 895 4369 usui
904 4307 1000 4370 Plinii
1021 4310 1188 4390 repugnat.
1210 4305 1293 4369 Nam
1312 4305 1497 4371 dulciomsla
1594 4378 1597 4389 Ι
1620 4363 1621 4403 ἦ

344 4481 350 4495 ,
411 4419 821 4503 conomannicae,
843 4424 883 4486 af.
905 4422 976 4486 nv,
999 4422 1054 4502 52,
1077 4421 1200 4486 xxru.
1228 4422 1301 4504 100,
1339 4424 1413 4506 104,
1439 4424 1493 4507 ros,
1591 4398 1597 4451 ⁴

411 4538 497 4623 qnod
517 4538 570 4603 hic
591 4557 717 4625 quoquc
744 4539 963 4625 reponendum
993 4546 1050 4603 cst·
1089 4541 1127 4605 In
1157 4541 1330 4626 archetypo
1357 4561 1417 4604 una
1444 4543 1492 4628 syl·
1620 4603 1621 4612 ,

410 4656 485 4724 laba
506 4657 629 4725 omissa
650 4656 778 4724 ACUIS
801 4658 926 4723 videtur
948 4657 1237 4746 scriptumyfuisse,
1259 4659 1343 4726 mala
1365 4658 1490 4752 deinceps
