3567 5559
662 778 666 790 Ι
717 692 810 758 coer
827 691 920 757 xrx.
1328 689 1369 806 tp

237 904 294 948 re
326 882 426 950 dubie
443 885 541 952 iidem
560 884 744 952 habendam
766 874 840 951 esse
860 885 1163 969 demonstravimus,
1185 905 1290 972 neque
1312 884 1369 950 du·

238 1001 440 1068 bitsbimus
461 1003 539 1090 quin
560 1003 588 1088 §-
610 1002 704 1071 50ex
731 1008 820 1068 torto
846 1009 960 1070 renttsr‘t
993 1009 1025 1068 et
1054 1008 1190 1070 saturica
1212 1002 1368 1088 legemus.

240 1120 285 1203 ξ.
314 1119 362 1187 52
381 1119 548 1185 Pintianus
576 1125 664 1184 recte
693 1119 839 1185 voculam
878 1139 917 1184 ne
949 1126 1024 1186 ente
1053 1125 1198 1198 sabuloso
1226 1119 1370 1188 inseruit.

240 1237 285 1321 §-
312 1236 370 1306 53.
391 1235 489 1303 Ianus
511 1237 593 1301 bene
614 1241 743 1302 medulla
763 1235 900 1322 scripsit.

711 1438 927 1527 55:4,1c
1391 1443 1454 1516 392

307 1565 493 1646 Servatur
518 1565 625 1667 algor
649 1567 814 1646 aestibus
842 1568 1149 1668 excogitaturque
1175 1575 1216 1644 ut
1241 1565 1370 1644 alienis

306 1698 507 1776 mensibus
532 1699 594 1776 nix
619 1699 754 1800 algeat.

329 1829 485 1896 Ferentio
507 1831 667 1896 videretur
688 1831 823 1898 molesta
845 1832 990 1898 eiusdem
1012 1832 1080 1897 fere
1101 1832 1189 1898 vocis
1213 1829 1371 1915 repetitio,
1470 1874 1481 1902 .

244 1947 285 2014 si
313 1947 353 2012 in
381 1947 545 2014 codicibus
570 1949 772 2036 reperiretur.
817 1949 923 2024 Quum
956 1969 1046 2022 vero,
1065 1971 1085 2012 o
1102 1954 1196 2031 dour,
1224 1951 1372 2026 otmaro

245 2066 276 2132 d
300 2072 410 2144 liuore
431 2065 620 2140 exhibeant,
651 2067 835 2132 necessario
860 2065 1063 2132 scribendum
1081 2071 1154 2152 pst:

298 2193 447 2248 ematur
468 2189 596 2263 liquor
617 2163 825 2249 destitueret

714 2366 927 2454 56:4‚1c
1393 2372 1465 2442 395t

311 2495 432 2576 Nemo
459 2518 586 2573 sacros
614 2497 898 2597 Aventinaeque
920 2503 1065 2592 montes
1092 2504 1129 2574 et
1155 2497 1268 2573 iratae
1294 2493 1373 2595 ple-

314 2629 379 2708 bis
404 2651 578 2708 secessus
599 2629 920 2730 circumspexerit:
947 2653 1034 2710 mox
1061 2629 1159 2708 enim
1185 2635 1286 2708 certe
1311 2650 1374 2706 ee-

314 2762 444 2862 quabit
471 2784 566 2862 quos
590 2761 754 2862 pecunia·
776 2764 1015 2863 separaverit.
1065 2761 1203 2862 Itaque,
1231 2759 1373 2837 Hercu·

313 2894 392 2985 les,
430 2893 571 2971 nullum
596 2893 741 2971 macelli
778 2894 940 2995 vectigal
972 2896 1091 2972 maius
1127 2893 1194 2970 fuit
1232 2892 1373 2969 Romae

318 3025 480 3104 clamore
505 3024 626 3126 plebis
652 3024 854 3105 incusantis
891 3027 991 3128 apud
1018 3047 1148 3104 omnes
1174 3023 1372 3126 principue,

319 3159 442 3236 donec
468 3159 660 3236 remissum
687 3165 743 3236 est
768 3159 971 3260 portorium
988 3159 1121 3237 mercis
1136 3156 1246 3234 huius
1273 3177 1374 3233 com-

322 3296 540 3391 pertumque
566 3314 640 3370 non
666 3290 771 3369 aliter
791 3293 1053 3393 quaestuosius
1069 3313 1221 3369 censum
1245 3287 1375 3366 heberi

322 3429 381 3500 aut
405 3422 519 3500 tutius
536 3445 590 3507 ,oe
615 3424 755 3501 minore
781 3424 950 3503 fortunae
978 3425 1067 3516 iure,
1095 3447 1179 3502 curn
1204 3423 1375 3500 credetur

325 3553 451 3654 pensio
490 3578 536 3634 ea
567 3578 789 3656 pauperum
827 3557 921 3634 isin
947 3556 1029 3636 solo
1069 3578 1228 3656 sponsor
1255 3559 1376 3631 estet

325 3687 392 3764 sub
417 3686 479 3764 dio
506 3688 647 3765 reditus
679 3690 971 3790 superficiesque
1008 3687 1111 3766 caelo
1139 3707 1375 3786 quocumque

327 3818 502 3917 gaudens.
1071 3789 1085 3828 '

357 3949 422 4014 Sili.
444 3949 526 4015 bene
558 3950 690 4016 deloco
713 3951 901 4017 difficillimo·
930 3950 1062 4033 meruit,
1098 3969 1170 4014 eum
1192 3954 1376 4035 corruptum

281 4086 348 4135 esse
369 4044 603 4134 demonstraret
623 4087 727 4154 eaque
741 4068 840 4133 verbs
851 4088 934 4154 quac
947 4052 1174 4134 emendatione
1183 4065 1376 4152 indigerent,

284 4183 472 4269 designaret5
515 4204 591 4250 uem
632 4184 731 4252 Ianus
774 4185 829 4270 qui
870 4186 961 4252 verbi
1009 4190 1154 4264 aequanti
1196 4187 1376 4254 subieotum
1485 4209 1489 4216 ’

285 4298 361 4388 quod
380 4300 412 4368 iu
433 4319 532 4366 seusu
558 4303 704 4388 proximo
726 4302 890 4389 superiore
912 4302 1028 4388 legitur
1056 4307 1152 4368 terta
1172 4323 1244 4372 esse
1265 4303 1376 4385 voluit,

288 4415 353 4504 quid
378 4417 509 4483 tsndem
530 4418 651 4486 dixisse
682 4420 712 4486 ei
733 4418 896 4485 rideretur
916 4419 1054 4504 Plinius,
1098 4441 1164 4485 non
1192 4420 1376 4488 declaravit.

289 4532 325 4602 Id
341 4555 460 4621 quoque
482 4535 688 4621 praeclaros
710 4536 776 4602 Sill.
799 4536 920 4602 facturn
944 4543 993 4602 est
1024 4536 1208 4624 quodente
1234 4556 1300 4605 com
1321 4555 1376 4600 vo·

289 4652 379 4720 cutem
398 4675 488 4736 quum
510 4652 668 4719 excidisse
689 4653 776 4720 ridit.
822 4654 941 4722 Oetere
961 4653 1217 4740 quesitentarit,
1252 4651 1378 4722 henes
