3567 5559
632 567 736 636 tuor
754 568 821 636 XI.
844 568 934 636 m.
1282 565 1346 633 1oe

272 763 479 830 necantur.
537 753 715 833 Valtaras
740 767 928 856 nomento
962 755 1026 856 qui
1056 754 1229 856 iugaalru·
1252 753 1350 829 alios

275 898 469 989 appetunt
489 888 639 984 adores,
664 889 853 966 scarabaei
873 914 1009 966 rosam.

320 1056 468 1146 Egregie
491 1060 533 1123 de
553 1058 606 1123 his
620 1046 745 1140 verbis,
766 1080 906 1146 quorum
927 1080 1064 1126 sensum
1080 1059 1248 1124 Pintianus
1266 1078 1345 1142 ape·

213 1181 318 1260 ruit,
349 1180 468 1244 meruit
492 1176 654 1264 Silligius,
682 1179 735 1245 cui
764 1198 864 1265 quum
889 1179 922 1245 in
944 1179 1137 1247 universum
1167 1179 1346 1259 assentiar,

188 1305 194 1312 “
215 1317 351 1382 pauca
371 1308 482 1363 tamen
501 1295 633 1364 facilius
654 1298 752 1364 ctiam
775 1297 944 1364 emendari
964 1317 1069 1382 possa
1086 1298 1253 1362 arbitror.'
1272 1295 1346 1362 Sci·

216 1415 315 1481 licet
330 1436 430 1501 quum
446 1414 518 1482 cod.
531 1415 564 1480 R
583 1415 676 1502 legat
697 1417 908 1505 unquenti-
927 1411 1022 1506 fficpot
1035 1453 1074 1466 -
1089 1401 1190 1481 odor}
1204 1449 1242 1464 -
1260 1435 1346 1490 rosc,

221 1534 392 1622 Silligius
403 1534 630 1619 compluribus
642 1548 793 1601 veterum
815 1537 1015 1621 scriptorum
1031 1533 1118 1601 locis
1129 1533 1239 1600 allatis
1261 1534 1347 1618 (qui-

221 1655 302 1718 bus
327 1673 348 1718 e
371 1653 514 1718 Pintiani
534 1655 748 1720 annotatione
766 1652 1034 1738 Theophrastum
1060 1652 1186 1724 addere
1216 1661 1348 1738 poterat

224 1771 286 1838 De
311 1790 408 1836 caus.
430 1770 530 1855 plaut.
551 1771 609 1835 Vl.
622 1770 672 1854 4),
694 1770 910 1837 scribendam
932 1789 1010 1836 esse
1031 1773 1181 1837 censuit:
1202 1841 1205 1848 ,

276 1925 329 1936 -
348 1897 522 1973 arcuatur,
541 1888 688 1953 uultures
708 1891 880 1978 unpnmti,
903 1891 961 1984 qui
979 1886 1133 1978 fugantes
1154 1887 1235 1952 alios
1256 1910 1348 1976 appe.

278 2002 510 2083 montmoret,
531 1999 703 2070 scoralnci
721 2020 826 2076 rotm-
1262 2011 1267 2022 '

329 2122 440 2196 Quam
469 2123 684 2188 construendi
709 2121 861 2188 duritiem
888 2123 953 2188 etsi
983 2123 1016 2187 in
1041 2122 1146 2188 Plinio
1176 2121 1351 2190 serendam

233 2263 324 2311 esse
344 2243 546 2322 concedam,
566 2241 701 2309 lucilius
726 2253 836 2307 tamen
857 2255 892 2311 ct
912 2244 987 2312 cod.
1007 2241 1039 2310 R
1062 2243 1251 2327 scripturae
1272 2255 1359 2309 cont

236 2361 433 2428 venientius
455 2381 521 2425 una
542 2379 629 2426 voce
650 2360 776 2425 inserta
793 2355 908 2446 legor
1357 2353 1361 2363 '

287 2515 332 2529 -
352 2489 539 2562 sumuntur,⁴
551 2479 698 2544 uolucres
718 2479 904 2570 respuenti,
932 2502 1048 2577 quum
1069 2483 1129 2577 qui
1143 2477 1249 2570 Μαί
1271 2477 1351 2543 alias

287 2606 446 2684 appetunt
468 2599 559 2682 (sive
578 2602 706 2686 -nul)
727 2597 880 2679 darem,
899 2597 1071 2664 scarabaei
1090 2619 1186 2663 rosa.
1413 2693 1417 2702 .

242 2718 299 2782 De
325 2735 392 2780 uua
413 2715 499 2813 enim
521 2714 626 2780 odore
645 2716 845 2817 cadaverum
866 2735 1056 2817 sermonem
1079 2733 1157 2779 asse
1177 2715 1289 2798 liquet.
1311 2751 1353 2764 -

245 2835 361 2918 Supra
389 2841 465 2917 post
491 2830 689 2897 commeabat
716 2821 989 2919 interpunctionis
1019 2833 1148 2918 siguum
1176 2829 1353 2898 delendum

247 2973 338 3033 csse,
360 2954 467 3019 verbo
489 2961 615 3018 tautum
635 2959 747 3054 tango.
823 2969 827 2977 ’

688 3393 737 3468 29
752 3429 788 3462 =
803 3393 840 3488 7,
854 3393 917 3469 14.

305 3544 400 3645 Quis
426 3545 487 3620 ille
508 3545 649 3646 primus
676 3544 843 3647 experiri
867 3543 1017 3648 piper)
1044 3543 1135 3620 cibis
1156 3543 1273 3622 voluit
1296 3551 1360 3617 aut

305 3678 366 3756 cui
387 3680 426 3754 in
449 3681 669 3781 appetenda
692 3679 866 3756 aviditate
887 3680 1033 3755 esurire
1053 3703 1127 3754 uon
1148 3677 1220 3753 fuit
1240 3676 1359 3753 satist

337 3831 515 3898 Vocabula
543 3830 725 3917 oppetendo
750 3829 908 3894 auiditate
934 3828 1015 3894 ferri
1041 3838 1075 3893 ct
1103 3825 1263 3910 explicari
1294 3846 1359 3890 non

180 3965 187 3977 ·
258 3968 356 4035 posse
375 3948 458 4014 vidit
476 3947 638 4034 Silligiust
660 3946 829 4014 aviditatis
849 3945 936 4012 euim
957 3955 1010 4011 cst
1030 3952 1194 4029 appetere
1213 3962 1280 4006 noa
1303 3961 1361 4028 ap-

260 4067 333 4152 peti.
362 4068 454 4134 ldcm
478 4068 568 4155 qaod
587 4068 622 4132 iu
642 4068 716 4137 cod.
736 4089 755 4134 r
774 4063 1163 4150 inscrririDalecampius
1183 4062 1284 4129 tradit
1306 4083 1362 4128 cx-

259 4183 393 4270 plenta,
429 4206 450 4251 c
481 4184 599 4271 glossa
630 4196 738 4251 ortum
768 4204 848 4252 esse
877 4182 1039 4249 intellexit
1070 4194 1103 4248 et
1135 4184 1363 4249 coniecturam

261 4303 420 4391 Wagneri
449 4308 505 4372 cui
531 4307 568 4372 ia
596 4304 775 4394 appetendo
811 4305 964 4370 auiditati
996 4313 1033 4370 ut
1064 4285 1364 4392 ingeniosissimum

263 4425 512 4493 commendavit
538 4423 778 4495 Verumtamen
797 4424 848 4490 sio
867 4433 902 4490 ct
923 4424 990 4492 duc
1010 4424 1179 4491 vocabula
1199 4431 1366 4490 mutantur

264 4543 408 4624 ritimis
429 4547 610 4617 artificiosa
628 4546 771 4616 subiecti
790 4546 926 4613 mutatio
945 4544 1175 4611 introducitur.
1204 4534 1367 4624 Displicet
