3567 5559
428 721 491 788 181
872 724 962 785 Liber
982 725 1089 786 XXX.

511 922 588 982 hoec
609 915 630 981 d
651 922 687 982 ut
708 915 831 982 scilicet
851 937 923 982 cum
945 916 1034 982 verbi
1055 936 1187 982 numero
1205 894 1370 1002 congruam
1389 919 1435 980 hic
1447 913 1518 978 VR

430 1057 525 1122 quam
544 1034 716 1100 lectionem
746 1034 847 1119 peiori
881 1033 961 1098 libro
984 1035 1068 1098 male
1096 1033 1313 1120 posthabitam
1346 1053 1412 1096 esse
1430 1031 1519 1096 Plinii

307 1165 310 1174 '
430 1151 594 1218 Valeriani
615 1149 657 1214 Il.
681 1151 719 1218 31
744 1150 967 1216 observatione
990 1150 1241 1216 demonstratur:
1265 1149 1383 1235 ,Adeps
1403 1168 1520 1235 quoque
1584 1141 1589 1148 ’

430 1270 596 1335 anserinus
619 1268 861 1353 -imponitur
904 1268 1015 1352 Adeps
1050 1269 1144 1354 cygni
1180 1267 1222 1332 ad
1253 1267 1339 1360 idem
1373 1264 1460 1348 facit,
1491 1273 1521 1329 et

429 1382 691 1450 haemorrhoidas
729 1388 843 1451 sanat‘
885 1384 991 1459 Quum
1014 1385 1110 1470 igitur
1142 1405 1207 1448 non
1229 1392 1396 1469 utrumque
1427 1383 1521 1467 adipis

431 1522 533 1588 genus
556 1501 612 1564 sed
637 1502 731 1586 cygni
755 1508 878 1566 tantum
909 1511 1020 1568 contra
1040 1502 1281 1568 haemorroidas
1314 1500 1418 1564 valere
1446 1499 1521 1563 dica·

430 1628 497 1699 tur,
530 1639 594 1682 non
622 1639 799 1703 pronomen
832 1621 890 1684 sed
912 1620 1043 1685 verbum
1067 1619 1290 1706 corrigendum
1320 1626 1383 1682 est:
1411 1622 1470 1682 hic
1487 1653 1522 1666 —

431 1743 588 1802 dicitur.
705 1762 709 1771 ¹

349 1865 410 1934 655
599 1924 604 1934 Ι
871 1843 918 1914 77
945 1863 985 1894 =
1012 1842 1107 1926 933.

480 1970 564 2048 Sale
603 1970 752 2069 quidam
778 1993 861 2047 oum
900 1971 1029 2069 vipera
1054 1977 1215 2047 cremato
1254 1971 1291 2045 iu
1328 1967 1401 2047 olla
1437 1990 1523 2044 nova

481 2104 631 2204 saepius
651 2099 798 2202 sumpto
825 2104 926 2184 aiunt
950 2101 1095 2180 liberari
1122 2102 1301 2202 podagra.
1357 2105 1364 2117 “

513 2235 597 2299 Salis
621 2236 752 2299 cremati
782 2255 941 2320 quaenam
963 2235 1009 2299 vis
1032 2236 1073 2299 sit
1094 2236 1222 2321 ignoro:
1261 2234 1382 2298 scilicet
1402 2253 1463 2298 non
1483 2232 1523 2295 sal

362 2360 365 2364 “
431 2352 633 2416 cremabatur
667 2353 723 2415 sed
759 2353 870 2437 vipera
902 2353 992 2416 cuius
1024 2353 1103 2416 cinis
1137 2373 1207 2416 cum
1242 2352 1309 2416 sale
1344 2351 1521 2439 sumebatur.

430 2471 541 2553 ltaque
563 2467 718 2532 scribatur
740 2475 881 2554 oportet:
905 2481 1064 2534 cremato.

349 2616 410 2683 556
579 2617 584 2627 ¹
683 2596 685 2600 ’
853 2589 1117 2665 78=ibidem

477 2717 524 2795 Et
564 2721 611 2795 de
649 2721 762 2797 milvo
799 2720 997 2810 affirmant,
1025 2782 1031 2796 .
1061 2778 1069 2794 .
1099 2778 1106 2795 .
1134 2722 1165 2796 si
1199 2721 1315 2818 pedes
1357 2719 1519 2818 sanguine

469 2852 564 2928 'cum
589 2853 704 2928 urtica
746 2852 804 2927 vel
832 2851 1233 2956 pinnis‘palumborum
1272 2854 1517 2952 cumprimum

480 2993 680 3062 nascentur
704 2984 797 3060 tritis
824 3007 906 3059 cum
935 2985 1059 3061 urtica.

513 3117 677 3182 Lacunam
708 3118 815 3181 inesse
838 3116 904 3181 Sill.
932 3117 1171 3198 animadvertit,
1203 3137 1303 3200 quam
1325 3115 1423 3180 Ianus
1453 3114 1517 3178 locis

429 3232 573 3296 Marcelli
594 3233 713 3319 Empir.
737 3235 777 3301 36
800 3243 833 3299 et
852 3234 948 3298 Plinii
971 3234 1131 3298 Valeriani
1152 3232 1211 3296 Ill.
1240 3234 1280 3299 14
1304 3220 1344 3296 ab
1367 3231 1462 3297 Hard.
1482 3231 1517 3294 al·

430 3349 503 3411 latis
526 3369 604 3412 usus
627 3350 667 3413 ad
689 3353 880 3415 senteutiam
902 3358 988 3415 recte
1003 3352 1048 3415 ita
1059 3351 1212 3436 explevit:
1236 3350 1316 3431 ‚eius
1331 3369 1517 3436 perunguan-

430 3472 481 3528 tur
504 3465 553 3529 vel
566 3467 952 3552 columbarumsanguine
976 3489 1000 3531 c.
1015 3489 1054 3531 u.
1078 3491 1107 3532 v.
1130 3468 1236 3552 pinnis
1259 3455 1379 3531 earum‘
1392 3469 1518 3532 codicum

432 3582 568 3667 vestigia
590 3583 694 3647 minus
713 3590 870 3648 'accurate
894 3589 1031 3647 secutus.
1076 3583 1207 3646 Habent
1240 3585 1324 3648 enim
1362 3591 1518 3664 sanquinem

432 3710 464 3765 et
486 3723 596 3765 eurum.
620 3702 710 3776 Quae
733 3701 760 3764 si
779 3701 976 3812 reputaperis
995 3721 1093 3764 uuum
1115 3721 1242 3764 versum
1267 3700 1396 3764 XXVII
1417 3703 1518 3766 littera·
1546 3739 1552 3764 t

432 3840 501 3882 rum
535 3819 693 3884 excidisse
731 3819 886 3903 primique
907 3816 1073 3881 'vocabuli
1109 3817 1234 3880 initium
1266 3817 1298 3880 iu
1337 3817 1436 3881 altera
1467 3837 1517 3881 non

360 3983 362 3987 ,
432 3956 618 4018 superesse,
651 3936 732 4000 haee
763 3934 830 3999 fere
862 3934 961 3998 verba
998 3933 1113 3998 addes:
1156 3939 1235 3997 rniloi
1263 3941 1309 3996 uel
1336 3939 1517 3998 columborum

433 4064 616 4127 respuantur.
662 4055 697 4114 ln
719 4052 864 4136 proximo
886 4071 984 4116 sensu
1005 4053 1072 4114 lan.
1094 4058 1182 4114 recte
1205 4051 1333 4135 scripsit
1355 4071 1453 4114 earum
1472 4071 1516 4136 pro

431 4155 532 4228 eorrim
555 4166 639 4249 quod
662 4189 763 4250 genus
787 4187 805 4230 e
828 4169 981 4253 proximis
1002 4168 1163 4260 vocabulis
1186 4174 1381 4231 articulorum
1403 4174 1515 4232 dolorum

435 4283 497 4366 (ita
517 4292 576 4366 pro
599 4288 754 4345 doloribus
777 4284 861 4361 VR)
885 4283 1035 4348 facillime
1057 4291 1160 4350 ortum
1185 4291 1243 4348 cst.

349 4431 410 4498 557
847 4407 896 4478 80
924 4403 1131 4479 :ibidem

485 4531 615 4645 Ulcera
641 4533 763 4609 curuis
797 4534 932 4632 predum
959 4542 1063 4610 sanat
1090 4534 1181 4624 cinis
1208 4556 1335 4610 earum
1373 4533 1514 4627 (coclea-

440 4652 580 4756 '‘mm)
614 4689 708 4763 queo
735 4666 842 4742 vivae
869 4669 1085 4744 combustae
1112 4675 1196 4742 sunt
1226 4671 1299 4742 (suo
1327 4667 1422 4750 vulgo
1447 4675 1512 4730 recte
