3567 5559
720 739 812 804 liber
833 740 927 804 XIX.
1066 837 1070 846 Ι
1323 739 1364 809 77

252 937 347 998 rent:
370 951 445 995 nam
466 931 527 996 etsi
547 930 636 1017 pulte
657 950 722 995 non
743 951 827 1017 pane
849 931 904 996 diu
925 931 1113 1015 utebantur,
1145 932 1182 997 cs.
1203 932 1306 999 Varro
1328 935 1363 1000 L.

255 1050 298 1114 L.
321 1048 360 1113 V.
384 1049 444 1115 105
466 1055 498 1112 et
518 1047 642 1112 Plinius
663 1047 783 1112 XVIII.
806 1049 868 1132 83,
899 1047 939 1140 ad
978 1048 1202 1134 compendium
1236 1050 1364 1135 quidem

254 1165 339 1250 nihil
361 1166 531 1248 intererat,
558 1172 664 1230 utrum
686 1165 779 1251 panis
809 1186 850 1230 an
870 1166 968 1251 pultis
996 1165 1190 1231 desiderium
1212 1173 1363 1248 oraretur.

254 1285 305 1347 At
325 1303 477 1369 magnum
499 1283 582 1347 inter
607 1291 646 1347 ea
667 1283 789 1347 olerum
811 1302 930 1368 genera
953 1282 1124 1366 discrimen
1144 1282 1366 1349 intercedebat

255 1420 345 1485 quae
364 1399 525 1464 Venerem
546 1399 730 1479 stimulant,
762 1419 953 1484 asparagos,
975 1400 1151 1485 raphanos,
1173 1420 1253 1487 rapa
1282 1401 1364 1485 dico,

256 1536 406 1603 quaeque
434 1537 506 1586 eam
534 1523 590 1581 aut
614 1516 759 1581 inhibent
791 1523 848 1581 aut
875 1536 940 1580 non
968 1493 1140 1586 concitant.
1183 1519 1365 1584 Audaciore

254 1641 368 1699 tamen
395 1635 532 1699 Pintiani
563 1635 747 1699 coniectura
781 1640 897 1698 veneo
927 1640 976 1698 est
1009 1641 1106 1719 quam
1136 1655 1218 1720 quaa
1250 1637 1366 1722 probe·

255 1759 329 1818 tur:
351 1751 475 1816 facilius
497 1759 539 1835 et,
561 1752 622 1816 nisi
643 1750 745 1834 fallor,
768 1751 947 1847 elegantius
970 1756 1150 1816 desiderium
1171 1774 1229 1838 per
1250 1773 1286 1818 se
1308 1775 1365 1840 po·
1450 1813 1453 1824 .

257 1871 356 1935 situm
383 1867 594 1952 intelligetur,
622 1874 658 1931 ut
686 1867 772 1954 apud
799 1868 972 1933 Horatium
1002 1868 1246 1954 epod.17.80,
1280 1871 1366 1956 quod

257 1987 478 2074 dittographia
498 1985 635 2070 proximi
665 1985 812 2050 vocabuli
833 1993 1034 2072 corruptum,
1066 1993 1134 2051 tum
1169 1980 1270 2072 prava
1297 2008 1366 2052 cor·

257 2106 404 2172 rectione
424 2102 651 2188 interpolatum
674 2109 732 2167 est.
769 2102 958 2189 Legendum
979 2104 1076 2188 igitur
1098 2124 1169 2171 esse
1192 2125 1324 2170 censeo:

291 2281 297 2287 .
343 2234 373 2287 et
388 2241 466 2302 qnae
484 2227 601 2286 mirrime
622 2225 819 2286 accenderent
832 2225 1023 2286 aestuatum.
1047 2227 1125 2286 Pars
1145 2221 1201 2318 rei.

719 2388 763 2462 61
778 2389 925 2474 =4,22.
1233 2440 1236 2447 ·
1348 2414 1352 2422 “

313 2517 506 2613 Quaedam
540 2518 662 2596 iacent
697 2524 961 2617 crescuntque,
1004 2524 1042 2593 nt
1080 2521 1293 2599 cucurbitae
1330 2529 1367 2599 et
1388 2428 1449 2499 395

311 2651 497 2745 cucumis3
525 2650 656 2727 eadem
681 2649 846 2750 pendent
871 2649 937 2727 rel.

257 2803 261 2812 ·
343 2784 448 2849 Recte
477 2783 634 2869 Apuleius
668 2783 863 2868 singularem
894 2786 1053 2848 cueuruita
1086 2783 1106 2846 i.
1142 2803 1168 2849 e.
1203 2784 1368 2852 cucurbita

260 2903 400 2988 scripsit,
423 2902 477 2988 qui
499 2901 599 2965 altero
622 2900 777 2966 vocabulo
800 2900 1015 2984 confirmatum
1055 2899 1192 2965 Pluralis
1215 2922 1256 2966 ax
1276 2901 1366 2968 initio

259 3021 349 3086 vocis
381 3030 410 3084 et
436 3018 563 3105 prodiit.
606 3018 635 3103 S.
658 3018 700 3086 64
729 3021 827 3083 Ianus
849 3017 933 3082 bene
961 3023 1116 3083 olitoribus
1148 3038 1212 3082 non
1241 3025 1369 3086 olitoriis

260 3138 341 3223 legit
363 3157 381 3200 e
403 3136 576 3219 codicibus,
620 3117 818 3221 quibuscum⁸
831 3135 991 3200 consentit
1011 3134 1177 3220 Apuleius,
1210 3136 1250 3201 cf.
1274 3111 1368 3203 Ocin-

264 3255 359 3318 mella
378 3253 474 3322 xta
496 3275 526 3339 p.
539 3231 603 3320 461
624 3237 759 3338 eu‘Bip.
781 3255 818 3317 In
840 3252 986 3338 proximo
1009 3272 1106 3318 sensu
1128 3274 1200 3318 cum
1221 3255 1368 3322 Pintiano

266 3377 297 3435 et
318 3370 515 3458 Schneidero
536 3371 709 3456 legendum
730 3377 780 3435 est
801 3382 854 3434 ant
874 3365 979 3436 mulsa.
1069 3359 1073 3365 ’

475 3530 680 3615 67:533.
711 3525 780 3619 (de
804 3524 948 3619 cucumi
973 3523 1153 3625 loquitur)
1179 3623 1184 3630 Ι

316 3705 352 3714 -
374 3679 474 3735 nova
498 3657 615 3734 forma
642 3679 770 3736 eorum
795 3658 833 3735 in
861 3657 1060 3758 Campania
1080 3658 1256 3774 provenit
1281 3657 1370 3734 mali

315 3789 463 3870 cotonei
489 3788 613 3890 effigie
641 3833 685 3846 -—

325 3921 411 3988 Infra
431 3928 560 3988 colorem
582 3927 826 4004 commemorat,
855 3940 955 4006 quare
977 3941 1019 3985 ex
1038 3919 1176 4005 Apuleio
1198 3919 1372 3986 inserenda

268 4040 414 4106 ridentur
433 4039 533 4106 verba
553 4046 655 4105 colore
676 4059 782 4105 auree.
1166 4040 1170 4048 “

486 4161 710 4248 71:534..
727 4157 796 4251 (de
822 4154 1022 4234 cucurbitis
1048 4155 1142 4257 agi)
1390 4192 1452 4262 397

317 4270 456 4369 Cortex'
476 4290 584 4367 viridi
610 4296 734 4390 tener3
771 4289 959 4366 deraditur
984 4286 1220 4366 nihilominus
1252 4289 1291 4365 in
1319 4290 1371 4366 ci-

318 4423 384 4500 bis.
436 4422 548 4501 Cibus
566 4421 723 4504 saluber
756 4445 801 4498 ac
826 4420 921 4498 levis
947 4421 1113 4521 pluribus
1137 4421 1281 4512 modis,
1323 4444 1371 4498 ex

319 4553 376 4632 bis
399 4562 523 4632 tamen
549 4555 612 4655 qui
637 4554 766 4655 perfici
789 4552 951 4632 humano
980 4560 1108 4630 ventre
1132 4575 1206 4630 non
1233 4559 1371 4653 queant

318 4687 386 4765 sed
411 4689 669 4766 intumescant.

1390 3597 1452 3666 396
