3567 5559
414 572 461 641 et
875 566 1065 637 team
1188 603 1193 613 =

414 754 617 847 pertinuisse
648 756 818 842 paratur
844 765 908 821 ert.
962 752 1150 822 Prseteree
1173 770 1281 839 cupre
1307 772 1328 819 e
1354 750 1453 823 codd.
1479 751 1531 819 lc·

416 878 561 965 gendum
576 873 800 948 estPltanali.
825 872 985 945 Similiter
1004 869 1092 964 §.tt
1113 869 1263 943 iustum
1283 868 1530 959 Reperiam

417 991 1240 1083 §.utfflnaahrtmuttvmiicouiectarau
1252 988 1533 1077 Gerustitprobo,

418 1114 511 1201 §tii
532 1111 695 1181 lietduini
712 1109 901 1191 &sibenen
921 1110 1013 1199 §tii
1035 1130 1056 1175 e
1078 1110 1153 1177 cod.
1172 1110 1215 1177 A.
1234 1110 1340 1183 laras
1360 1108 1532 1195 reeipien-

418 1233 496 1301 dum
517 1241 581 1299 est.
627 1232 659 1316 §.
676 1229 728 1300 ts.
751 1230 911 1299 &anuos
931 1230 971 1299 in
987 1226 1245 1296 Schneidewiui
1260 1225 1436 1315 Pbilalugo
1456 1226 1536 1293 Vll.

417 1348 533 1437 past.
555 1346 774 1435 probabiliter
793 1346 937 1415 wuiecit
956 1346 1092 1417 Ismara
1112 1364 1188 1416 otas
1209 1344 1298 1417 loom

358 1570 403 1637 75
685 1647 688 1652 Α
846 1532 895 1607 31
910 1570 946 1600 =
961 1530 1110 1609 ibidem.

350 1694 354 1701 ’
468 1705 515 1781 In
537 1731 584 1781 eo
610 1730 725 1783 cursu
753 1704 899 1805 'Pompe
923 1718 1114 1781 vocent...
1146 1704 1245 1779 ultra
1268 1699 1389 1779 visum
1413 1701 1539 1779 honri-

467 1839 526 1917 nis
551 1840 803 1921 attollentibus
827 1868 930 1919 se...
960 1842 1077 1945 iugis,
1104 1840 1204 1917 intus
1233 1860 1302 1915 sus
1333 1838 1418 1914 lu'ce
1442 1836 1538 1913 viri-

469 1977 593 2054 tlsnte.
644 1978 732 2055 Hec
753 1978 888 2059 labitur
901 1982 1055 2079 Penius,
1080 1976 1209 2059 virttis
1230 1975 1383 2070 creloulo,¹
1403 1994 1541 2050 amus

469 2137 541 2190 uus
568 2112 669 2193 circs
689 2116 791 2218 ripss
816 2120 993 2219 gramine,
1015 2131 1174 2195 curatus
1196 2110 1318 2189 suum
1339 2118 1460 2235 cantu.

502 2296 540 2360 ln
569 2298 809 2364 amoenissima
837 2300 1047 2367 clarissimae
1067 2298 1165 2377 vpllis
1188 2292 1416 2377 descriptione
1440 2313 1540 2379 quae

419 2429 495 2477 cum
515 2409 650 2477 Aeliani
670 2411 825 2480 laudibus
845 2415 926 2482 Ver.
940 2416 1026 2483 Hist.
1036 2416 1090 2483 lll.
1105 2414 1133 2480 l.
1154 2409 1279 2495 optime
1300 2417 1538 2495 componatur,
1631 2403 1632 2481 l

416 2527 498 2614 quid
516 2528 562 2595 sit
577 2548 640 2591 aaa
652 2526 725 2593 lucc
736 2529 905 2601 uiridante
925 2532 1100 2599 iuteorme
1113 2550 1182 2597 nou
1193 2522 1388 2611 intelligere.
1410 2524 1537 2597 Paullo

415 2644 536 2711 melius
544 2644 737 2713 Hudniuus
746 2658 873 2733 puncto
894 2661 975 2737 past
994 2652 1079 2740 iupis
1098 2649 1209 2736 posito
1230 2644 1367 2731 scripsit
1375 2644 1538 2711 Intus-

417 2761 575 2828 allabitur
594 2764 718 2829 Penius
744 2786 832 2853 quae
858 2769 958 2836 lectio
981 2769 1081 2836 codd.
1104 2768 1167 2835 RS
1190 2764 1415 2849 confirmetur.
1456 2765 1539 2851 Ap-

417 2881 586 2969 pellantur
601 2885 690 2953 enim
704 2885 833 2973 Tempe
853 2888 972 2975 „uiridi
984 2888 1131 2957 lucentia
1145 2885 1261 2955 iuma“
1282 2882 1394 2951 eVel.
1404 2881 1533 2950 Flacco

418 3000 504 3083 vul.
517 3004 593 3077 452.
615 3016 756 3093 propter
782 3006 896 3077 fumas
924 3017 1043 3073 tenues
1074 3007 1130 3095 qui
1161 3002 1273 3071 veloci
1294 3000 1401 3067 amuis
1428 3022 1533 3071 cursu

418 3122 620 3199 excitantur,
637 3124 683 3190 cf.
696 3126 793 3193 ovid.
805 3127 943 3193 Metam.
955 3128 978 3193 1.
990 3127 1063 3191 571.
1106 3124 1225 3211 Neque
1239 3131 1350 3187 temen
1370 3143 1432 3187 sua
1453 3120 1532 3189 luce

417 3240 564 3306 viridate
584 3232 795 3327 neque‘tnre
815 3242 915 3309 ullebi
927 3245 1034 3327 potuit
1047 3239 1192 3325 Peneus,
1211 3260 1322 3324 neque
1346 3251 1379 3305 et
1399 3238 1475 3307 luce
1496 3252 1533 3308 et

417 3356 549 3423 calculo
561 3358 678 3424 viridis
693 3359 867 3449 eleganter
880 3357 1044 3443 appellari
1049 3408 1060 3442 ,
1079 3378 1145 3423 nec
1160 3356 1303 3443 deniqne
1318 3356 1418 3425 allabi
1430 3380 1533 3447 quum

416 3471 621 3562 petiebatur.
634 3476 743 3544 Recte
755 3480 854 3563 igitur
865 3476 1021 3563 eSllligio
1037 3497 1056 3543 e
1068 3469 1258 3542 coeunte
1272 3486 1446 3562 receptum
1459 3489 1532 3544 est:

416 3592 497 3659 Hac
509 3593 643 3661 labitur.
674 3597 851 3663 'Pumvero
864 3613 952 3682 quse
972 3595 1069 3662 modo
1090 3592 1185 3659 anuli
1206 3592 1312 3661 verbs
1330 3598 1532 3663 necessario

417 3734 480 3798 pra
505 3717 675 3799 corruptis
695 3726 774 3782 suut
798 3713 968 3781 habende.
1010 3714 1123 3801 Atque
1145 3712 1413 3797 ingeniosissime
1434 3713 1534 3780 intel·

416 3828 499 3899 laxit
512 3831 699 3928 Salmasius
710 3833 871 3902 Exercitt
881 3856 915 3920 p.
925 3830 998 3905 153.
1010 3852 1040 3898 e.
1058 3854 1126 3898 non
1148 3833 1190 3899 de
1211 3831 1300 3919 luce,
1321 3833 1384 3898 sed
1397 3833 1440 3900 de
1452 3831 1532 3899 luco

416 3950 580 4019 viridante
603 3974 794 4022 sermonem
816 3975 907 4037 esse,
928 3953 1019 4038 quod
1040 3970 1306 4019 secuuntuemus
1321 3949 1532 4019 uMelalL3.

416 4068 621 4153 appellatum
643 4073 686 4137 ab
709 4074 863 4138 omnibus
881 4069 956 4135 iere
977 4068 1199 4155 scriptoribus
1229 4069 1286 4155 qai
1305 4068 1339 4134 iu
1361 4070 1532 4139 laudande

416 4184 507 4253 ualle
530 4184 759 4272 luurientus,
788 4188 875 4255 iuter
896 4187 1082 4271 praecipua
1104 4188 1230 4255 decors
1250 4200 1533 4255 commemoretur

418 4313 487 4371 ets
498 4303 593 4371 Plinii
612 4304 842 4389 descriptione
859 4306 985 4372 abesse
1004 4304 1064 4372 rix
1078 4304 1194 4389 potuit.
1212 4306 1301 4371 ,Num
1312 4327 1411 4394 quem
1424 4328 1533 4378 sensu

417 4425 572 4511 proxim
599 4423 769 4490 anteriore
789 4440 1005 4492 morosum
1028 4420 1216 4494 convellens
1241 4435 1361 4505 uocet,
1387 4438 1534 4497 nonest

418 4564 557 4614 norun
573 4542 657 4613 illud
676 4561 795 4612 nemas
815 4560 838 4607 e
849 4540 965 4628 puetis
984 4538 1210 4627 ormana,
1221 4543 1295 4616 ,secl
1313 4542 1447 4634 longius
1465 4566 1532 4633 pes
