3567 5559
717 537 818 605 later
835 540 894 607 11.
1320 544 1362 609 29

245 741 302 794 tur
324 737 360 793 et
380 744 544 791 numerus
562 724 591 787 11
611 724 729 791 eodem
749 728 850 794 modo
871 729 905 793 in
926 726 969 791 ΙΝ
994 738 1276 811 corrumperetur,
1295 750 1362 815 quo

246 862 275 955 ξ.
289 862 365 927 242.
389 858 650 952 inconuulsa
678 878 862 942 germanae
887 861 1078 947 scripturae
1104 862 1298 929 DCGCXCl
1316 862 1363 928 ul·
1450 902 1455 909 ·

247 983 348 1046 timus
371 1000 532 1045 numerus
553 965 580 1043 Ῑ
601 979 757 1063 proxima
786 998 872 1044 voce
902 978 949 1043 ld
974 980 1115 1047 haustus
1142 991 1207 1047 est.
1261 982 1364 1047 Simili

249 1120 368 1165 errore
395 1098 520 1163 factum
543 1107 612 1180 est,
640 1108 677 1160 ut
697 1096 725 1175 §.
738 1094 789 1161 37.
818 1118 884 1161 uno
905 1118 1042 1164 numero
1063 1099 1183 1167 leviter
1204 1110 1369 1191 corrupto!

248 1217 336 1283 alter
362 1237 383 1281 a
410 1216 546 1298 librario
573 1215 810 1299 corrigeretur.
854 1215 1008 1282 Ceterum
1031 1240 1050 1283 a
1077 1230 1194 1284 nostro
1213 1218 1363 1286 fortasse

248 1336 331 1401 loco
355 1336 474 1419 corrigi
501 1342 659 1419 poterunt
682 1331 830 1399 Cononis
852 1334 956 1399 verba
982 1322 1011 1400 c.
1024 1335 1084 1415 49,
1116 1337 1149 1402 in
1172 1335 1290 1423 qdibus
1310 1339 1362 1402 in-

251 1451 352 1517 sulae
370 1473 488 1516 nomen
510 1452 680 1517 excidisse
702 1452 783 1516 vidit
802 1452 976 1519 Kannius:
1008 1455 1043 1520 ἓν
1061 1454 1186 1543 Ἀνάφῃ
1211 1458 1248 1543 τῇ
1272 1455 1361 1541 νήσῳ

252 1568 351 1657 (adro
372 1571 399 1639 δ’
421 1567 509 1637 ἐστὶν
529 1568 607 1655 ὑπὲρ
627 1569 730 1652 νήσου
751 1568 874 1655 Θήρας,
905 1570 969 1655 οὐχ
994 1570 1072 1649 ἑκὰς
1093 1575 1145 1655 τῆς
1163 1564 1374 1662 llastadunpto·¹

248 1692 354 1776 νῖων).
399 1690 622 1755 scribendum
642 1689 775 1753 videtur
801 1686 879 1775 duic
900 1689 1012 1772 Μήλου
1033 1690 1152 1775 νήσου,
1173 1692 1278 1779 Θήρας
1297 1692 1363 1780 οὐχ,

248 1808 329 1887 ἑκὰς
347 1807 401 1891 τὴς
421 1807 694 1893 Λακεδαιμονίων.

667 1942 741 2017 206
755 1979 791 2009 =
804 1944 868 2038 92,
882 1943 945 2016 94.
1380 1950 1422 2015 37

221 2070 225 2074 ’
299 2100 462 2196 Pyrrum
496 2104 533 2170 et
573 2058 808 2171 Antissam
843 2094 943 2170 circa
974 2093 1189 2171 Maeotim
1227 2104 1363 2195 pontus

306 2230 471 2325 abstulit,
493 2228 655 2305 Helicen
682 2240 720 2304 ct
744 2231 886 2307 Buram
908 2229 1010 2305 sinus
1033 2229 1248 2307 Corinthius
1278 2276 1330 2291 -

333 2378 532 2448 incredibile
553 2390 606 2446 est
628 2381 695 2445 duo
715 2381 841 2465 oppida
865 2381 898 2447 in
920 2354 1043 2447 vicinia
1065 2380 1195 2467 paludis
1218 2382 1361 2449 Maeotis

248 2506 313 2570 sita
334 2513 403 2567 tum
427 2502 574 2566 obscuro
601 2500 735 2566 interitu
767 2500 969 2567 occubuisse
993 2510 1030 2565 ut
1051 2512 1189 2587 praeter
1210 2511 1361 2567 nostrum

246 2621 358 2689 locum
389 2641 410 2685 a
435 2620 566 2685 nemine
593 2639 736 2705 unquam
758 2619 1017 2684 nominarentur.
1067 2618 1168 2706 Atqui
1193 2622 1224 2684 in
1249 2619 1361 2685 Lesbo

248 2739 356 2805 insula
379 2738 520 2824 Pyrrum
546 2739 629 2802 mari
657 2736 811 2802 haustam
839 2758 918 2802 esse
945 2735 1034 2801 infra
1054 2734 1096 2801 V.
1110 2736 1180 2801 139.
1208 2740 1360 2818 traditur,

249 2871 362 2924 terrae
379 2870 471 2923 motu
493 2867 708 2941 prostratam,
731 2854 819 2940 quod
835 2854 1015 2918 Strabonis
1028 2854 1140 2917 verbis
1153 2854 1361 2939 Xlll.p.618.

247 2980 268 3059 ἡ
288 2977 323 3045 δὲ
343 2976 457 3062 Πύῤῥα
476 2975 710 3060 κατέστραπται
734 2973 990 3036 demonstratur.
1022 2970 1176 3055 Apparet
1196 2974 1297 3058 igitur
1319 2973 1362 3038 al-

249 3107 359 3158 terum
380 3114 508 3179 quoque
538 3094 695 3177 oppidum
727 3091 847 3156 eodem
872 3100 962 3154 motu
994 3107 1069 3153 curn
1099 3091 1261 3155 maritima
1283 3102 1362 3156 tem·

248 3222 384 3299 pestate
411 3214 587 3277 coniuncto
620 3210 764 3276 deletum
786 3228 880 3275 csse.
935 3208 985 3272 Ea
1015 3219 1068 3275 est
1100 3208 1208 3275 autern
1238 3210 1363 3276 Arisba

248 3342 436 3410 „terrarum
451 3342 540 3395 motu
553 3310 743 3397 subversa“
764 3327 908 3412 (call),
934 3330 1030 3394 cuius
1052 3348 1169 3415 agrum
1186 3341 1363 3397 tenuerunt

246 3450 476 3534 Methymnaei
497 3448 558 3531 (cf.
569 3449 690 3514 Herod.
705 3447 728 3510 l.
741 3446 822 3523 llil,
838 3446 949 3512 Strab.
964 3446 1050 3512 Xlll.
1063 3471 1093 3533 p.
1103 3447 1201 3533 590),
1222 3450 1280 3533 qui·
1294 3449 1362 3513 An·

247 3570 363 3632 tissam
386 3588 521 3653 quoque
541 3570 575 3632 in
596 3589 636 3633 se
665 3574 840 3632 traxemmt
864 3562 923 3647 (cf.
938 3564 1017 3630 Plin.
1029 3564 1078 3633 l.l.
1090 3566 1162 3633 Liv.
1172 3566 1276 3629 XLV.
1289 3564 1362 3651 31).

247 3685 332 3750 lliuc
355 3684 502 3750 eflicitur
521 3696 637 3750 nostro
659 3682 737 3749 loco
751 3706 819 3770 pro
827 3683 986 3747 Maeotim
1002 3684 1179 3768 legendum
1200 3704 1278 3750 esse
1292 3685 1363 3749 Me·

250 3802 428 3887 myrnuum,
454 3804 543 3887 quod
572 3803 604 3867 in
634 3802 899 3888 protarchetypo
931 3798 1046 3865 ultima
1079 3801 1211 3886 syllaba
1239 3802 1364 3867 omissa

248 3921 368 3985 vinosa
399 3921 563 4004 scriptum
593 3920 706 3986 fuerat
730 3921 885 3997 Meotim,
929 3919 1017 3982 sicut
1040 3918 1070 3996 §.
1087 3917 1158 3984 tna.
1184 3918 1217 3981 in
1239 3918 1315 3983 cod.
1332 3919 1364 3984 A

250 4036 348 4103 Neue
367 4039 398 4103 in
414 4040 525 4118 Neue,
546 4038 574 4118 §.
584 4036 658 4105 919.
678 4038 793 4103 Baetis
814 4040 847 4104 in
863 4038 937 4103 cod.
954 4047 993 4101 a1
1015 4036 1155 4115 Boeotis,
1178 4038 1209 4102 in
1227 4038 1304 4103 cotl.
1318 4039 1365 4105 R¹

246 4153 380 4219 Boeotis
396 4158 632 4243 corrumpitur.
681 4157 852 4221 Antissam
880 4168 992 4221 autem
1019 4176 1117 4243 quam
1137 4158 1235 4222 modo
1255 4158 1365 4244 §.aon

247 4276 456 4341 suscribere
481 4277 678 4343 meminerat
701 4277 876 4359 librarius,
891 4276 958 4341 ,hic
982 4275 1075 4346 sacili
1095 4276 1196 4363 lapsu
1217 4278 1363 4343 iteravit.

247 4390 361 4479 ltaque
382 4395 598 4463 scribendum
612 4397 702 4470 erit:

167 4551 168 4600 ς
285 4512 485 4599 Quone!
508 4514 692 4581 Arisbam
714 4514 803 4579 circo
823 4512 1111 4598 Methymnam.
1144 4468 1148 4475 ι

404 4626 429 4663 ο
