3567 5559
715 541 818 607 Liber
836 543 904 610 Vn
1300 549 1360 615 lot

236 727 401 815 reperiri:
432 725 633 812 optimorum
658 726 694 792 R
721 725 825 793 habet
846 725 958 794 etrite
978 727 1031 794 Td
1052 727 1198 816 cyrae,‘
1219 743 1360 820 uterque

236 869 396 914 mancum
418 845 552 933 quidem
573 845 636 909 sed
657 845 703 908 ita
726 858 971 931 comparatum,
992 858 1029 912 ut
1049 850 1180 936 etquid
1200 851 1357 918 omissum

235 969 279 1033 sit
300 987 321 1032 e
342 966 426 1032 loco
449 965 548 1029 modo
571 963 708 1028 laudato
731 963 833 1029 facile
853 965 993 1049 intelligi
1016 977 1050 1030 et
1068 969 1244 1052 eproximi
1257 989 1357 1035 vaca·

235 1084 308 1152 buli
320 1083 417 1149 initio
436 1084 590 1168 suppleri
607 1084 725 1168 possit
745 1083 857 1169 Atque
873 1085 907 1148 id
924 1084 1057 1170 quidem
1069 1095 1192 1169 sponte
1204 1101 1358 1171 apparet,

234 1205 356 1290 primis
367 1204 489 1268 litteris
502 1201 651 1287 Syrtium
662 1203 805 1268 nominis
814 1203 990 1288 vestigium
1000 1204 1128 1272 inesse.
1155 1205 1230 1280 Quo
1244 1208 1356 1290 posita

235 1320 575 1408 aequemanifestam
596 1330 650 1384 est
664 1321 797 1402 ultimis,
817 1325 945 1388 omissa
965 1323 1097 1409 quidem
1111 1324 1227 1389 anteI
1243 1325 1356 1391 littera
1469 1323 1474 1340 '

237 1441 408 1510 simillima
424 1439 464 1523 Τ,
486 1441 634 1505 dativum
653 1438 708 1503 vel
727 1440 903 1507 ablativum
926 1462 1043 1508 casum
1065 1443 1217 1508 indicari.
1259 1443 1355 1530 Sigla

237 1561 420 1646 archetypi
447 1560 563 1624 scriba
592 1559 808 1624 usitatissima
834 1559 944 1626 bucce
975 1537 1108 1627 videtur
1133 1581 1216 1627 usus
1245 1561 1354 1628 faisse

234 1674 375 1760 σπη’,
397 1679 488 1744 uude
507 1676 632 1745 sactum
654 1686 707 1742 est
726 1679 906 1763 utsiguum
922 1683 937 1716 ²
953 1701 1015 1767 pro
1037 1680 1148 1747 vocali
1170 1704 1188 1745 a
1208 1681 1352 1747 habere·

235 1813 300 1866 tar.
344 1798 519 1862 Habemus
535 1795 635 1880 igitur
655 1797 800 1861 datiam
816 1794 979 1882 Syrtibus,
1002 1799 1057 1864 eui
1068 1800 1206 1864 verbum
1218 1797 1353 1885 aliquod

234 1919 388 1985 additum
408 1915 517 1982 fuisse
539 1913 723 1999 putandum
751 1927 820 1994 est,
846 1938 913 2001 quo
941 1916 1120 1982 similitudo
1149 1934 1235 2001 quae
1266 1915 1352 1978 inter

232 2058 332 2105 oram
355 2035 506 2102 Persidis
532 2045 567 2098 et
587 2032 708 2118 Syrtes
737 2035 950 2098 intercedere
969 2034 1162 2116 videbatur,
1186 2030 1352 2118 signitica-

233 2167 344 2221 retur.
386 2152 593 2219 Adiectivum
619 2151 654 2215 id
682 2149 745 2216 fuit
771 2172 847 2216 cum
876 2153 988 2218 dativo
1009 2153 1240 2228 coniunctum,
1262 2149 1351 2235 quad

237 2274 322 2339 ideo
344 2272 463 2338 excidit
485 2270 640 2357 quoniam
661 2291 737 2336 cum
757 2270 912 2354 proximo
931 2272 1099 2337 vacabulo
1122 2268 1350 2336 confundeba-

235 2405 303 2458 tur.
344 2391 504 2478 Sequitur
523 2410 604 2456 vero
627 2411 710 2486 qua,
737 2388 825 2454 uude
847 2389 940 2455 nulla
958 2388 1035 2456 fere
1056 2377 1238 2456 mutatione
1258 2391 1351 2456 inse-

234 2511 379 2577 rendum
407 2521 480 2575 est:
514 2531 609 2604 epea
661 2508 810 2594 Aequari
832 2509 917 2574 enim
940 2520 1073 2594 poterat
1092 2510 1249 2596 Syrtibus
1272 2531 1349 2594 pro·

233 2640 357 2716 pterea
384 2630 475 2714 quod
501 2634 589 2707 κεῇι
616 2625 713 2710 πηλός
741 2628 827 2704 ἔστιν
857 2628 902 2696 di
929 2627 1068 2714 ἑκάτερα
1091 2631 1149 2696 τοῦ
1175 2628 1350 2714 πλεομένου

235 2746 350 2836 βαθὺς
374 2745 433 2813 καὶ
452 2746 589 2832 dadone,
616 2757 653 2811 ut
680 2745 857 2812 Nearchus
887 2751 977 2832 apud
998 2750 1177 2815 Arrianum
1200 2746 1272 2811 lud.
1293 2743 1348 2808 ll.

233 2866 404 2953 perhibet,
425 2886 534 2953 neque
555 2877 665 2931 tamen
687 2877 753 2929 tam
774 2864 843 2929 late
857 2868 1007 2948 patebat,
1031 2886 1137 2953 quare
1157 2864 1350 2926 minorum

234 2986 386 3072 Syrtium
399 2986 475 3051 vice
485 2986 667 3050 inaccessa
680 2984 800 3049 dicitur
811 2981 935 3070 wli,
954 2985 1050 3070 quasi
1071 2983 1232 3048 minorem
1248 2999 1350 3066 quan·

235 3105 317 3168 dam
338 3103 485 3189 Syrtium
503 3103 652 3189 speciem
676 3122 758 3186 prae
780 3123 820 3166 se
841 3099 956 3168 ferret
1004 3099 1215 3167 Adiectivum
1236 3111 1350 3164 autem

235 3229 413 3308 ‚‚aequus“
435 3243 511 3289 curn
527 3222 638 3288 dativo
653 3222 865 3287 coniunctum
884 3219 1048 3285 interdum
1068 3220 1155 3286 idern
1177 3218 1348 3308 significat

235 3343 327 3430 quod
347 3347 476 3426 „par“,
496 3340 599 3406 veluti
618 3342 709 3425 apud
725 3341 878 3422 Ovidium
890 3338 1049 3406 Ponerv.
1061 3342 1091 3406 7.
1104 3341 1157 3421 il,
1180 3341 1347 3407 Senecam

235 3457 944 3547 ep.94‚qnoslocaslaudatForcellin.s.v.
977 3460 1179 3527 ltaverbum
1194 3479 1346 3546 aequare

235 3582 278 3646 ab
297 3583 377 3664 ipso
388 3576 493 3644 Plinio
509 3591 690 3663 usurpatur
700 3577 856 3644 xxxiv.
866 3579 919 3646 68.
944 3579 1002 3646 Sic
1022 3580 1123 3669 igitur
1144 3581 1348 3646 constituen-

159 3695 162 3707 ’
235 3701 302 3766 dus
323 3709 379 3766 est
401 3697 496 3763 locus
517 3695 773 3762 versatissimus:

279 3869 382 3956 nepio
410 3867 455 3932 di
478 3867 645 3932 maritima
672 3835 858 3953 Syrtibus
889 3887 1035 3960 aeqaa3
1070 3886 1137 3958 qua
1169 3882 1247 3926 uero
1277 3861 1349 3946 ipsu

285 3985 449 4055 sabitrel.

660 4210 861 4305 123=ue‚
877 4209 937 4285 ao.

286 4381 387 4457 Sunt
422 4375 618 4454 etiamnum
657 4379 696 4454 in
722 4375 992 4480 Mesopotamia
1031 4374 1173 4476 oppida'
1205 4372 1349 4471 Hippa-

286 4541 436 4611 renum,
462 4515 733 4595 Gbeldaoorum
755 4515 924 4594 doctrina
949 4524 989 4590 et
1013 4512 1085 4590 hoc
1111 4508 1208 4586 sicut
1229 4507 1351 4601 Baby·

1368 4233 1430 4302 129
