3567 5559
662 724 667 729 ’
715 757 804 820 rrae
823 757 933 820 mr.
1305 737 1374 826 '37

253 951 337 1016 illud
361 946 541 1034 referatur,
571 949 669 1038 idque
689 951 723 1016 in
744 951 858 1016 litteris
881 971 950 1016 nem
972 963 1005 1016 at
1026 973 1042 1016 e
1062 953 1169 1017 inesse
1197 952 1375 1038 putandum

253 1076 325 1152 est,
355 1069 465 1133 maior
488 1076 537 1133 est
558 1069 643 1133 enim
665 1068 784 1134 codicis
805 1090 825 1133 a
846 1071 943 1134 etiam
974 1070 1007 1134 in
1029 1069 1217 1156 corruptelis
1240 1071 1376 1136 auetori-

253 1193 305 1249 tas
330 1207 437 1270 quam
465 1194 643 1250 ceterorum
672 1187 726 1272 qui
747 1207 807 1250 aaa
834 1199 907 1252 ute
936 1187 1096 1252 exhibent.
1140 1187 1225 1262 Quid
1253 1188 1376 1252 multat

252 1305 291 1367 Iu
315 1303 501 1389 archetypo
530 1303 641 1368 codice
663 1305 816 1390 scriptum
846 1311 916 1369 erat
943 1304 1122 1369 uncialibus
1154 1305 1267 1369 litteris
1290 1304 1376 1390 quod

252 1421 286 1484 in
310 1441 332 1483 a
355 1430 513 1486 accurate
535 1441 723 1506 expressum
744 1421 861 1507 legitur
882 1421 1084 1508 NAMVTE,
1120 1423 1205 1508 quod
1229 1423 1377 1498 deleteN

253 1558 341 1623 quae
366 1559 387 1602 e
417 1539 565 1623 proxima
593 1558 672 1602 voce
701 1538 909 1623 adhaeserat,
931 1539 969 1604 ¹in
991 1539 1142 1604 ATlNIE
1163 1541 1182 1603 i.
1205 1560 1233 1604 e.
1255 1545 1377 1604 Atiniae

252 1661 407 1719 mutetur
435 1676 570 1720 necesse
598 1662 656 1722 est.
698 1655 773 1720 Duo
803 1662 895 1720 erant
921 1657 1080 1721 ulmorum
1109 1677 1229 1742 genera
1258 1657 1375 1722 vitibus

254 1779 344 1857 apta,
370 1772 534 1838 Gallicum
557 1792 651 1857 quam
674 1769 852 1837 Columella
874 1773 913 1838 V.
936 1775 965 1842 6.
994 1775 1136 1840 Atiniam
1158 1781 1191 1838 et
1212 1774 1298 1860 quod
1319 1795 1376 1839 no·

256 1897 342 1954 stras
366 1890 523 1976 appellat.
560 1890 654 1954 Prius
673 1896 767 1958 ,erant
794 1891 925 1976 quidem
947 1893 1056 1978 quiin
1078 1892 1135 1956 tali
1161 1912 1223 1956 usu
1245 1869 1376 1956 damna*-

255 2014 346 2091 rent,
384 2007 683 2090 cf.P1in.§.200,
717 2007 774 2071 sed
796 2007 829 2071 in
849 2008 912 2072 illis
939 2028 1044 2095 neque
1069 2009 1138 2093 ipse
1161 2007 1284 2072 Plinius
1317 2006 1377 2073 fuit

257 2124 310 2200 (cf.
335 2127 367 2209 ἕ.
391 2125 493 2207 208),
527 2126 581 2211 qui
607 2124 749 2189 diversos
783 2108 917 2189 diversis
940 2124 1017 2190 locis
1047 2131 1194 2189 auctores
1225 2125 1376 2212 sequitur,

257 2261 368 2328 neque
392 2241 591 2324 Columella,
620 2262 714 2334 quem
735 2241 789 2307 hic
811 2249 885 2306 ante
916 2243 1025 2307 oculos
1047 2241 1168 2308 habuit.
1208 2241 1270 2317 Qui
1292 2264 1375 2329 ,pos-

260 2366 346 2438 ,eunt
369 2361 488 2442 etiam,
511 2359 566 2442 ait,
589 2359 743 2424 collectae
766 2379 838 2424 cum
864 2359 1016 2447 stirpibus
1038 2358 1168 2446 plantae
1191 2359 1304 2425 eadem
1324 2381 1375 2425 ra-

262 2477 361 2558 ,tione
385 2477 525 2563 disponi,
547 2477 633 2564 quod
654 2478 687 2541 in
708 2478 819 2543 Atinia
840 2478 928 2543 ulmo
949 2479 1018 2543 fieri
1039 2498 1175 2544 necesse
1196 2484 1264 2562 eet,
1293 2497 1377 2564 quae

262 2615 335 2674 ‚non
358 2596 515 2660 seriture
537 2616 672 2661 samara.
717 2593 780 2659 Sed
811 2595 893 2660 haec
921 2596 1026 2692 ulmus
1059 2596 1205 2661 autumni
1231 2602 1377 2681 tempore

264 2713 391 2792 ,melius
416 2733 511 2799 quam
533 2734 608 2778 vere
631 2712 832 2798 disponitur.‘

703 2961 937 3054 eo=1r,1o.
1399 2966 1461 3036 317

314 3107 449 3187 Graeci
477 3118 648 3187 auctores
676 3109 913 3187 consentiunt
945 3107 1139 3201 (scrobes)
1170 3127 1244 3183 non
1272 3103 1378 3182 altio-
1477 3077 1481 3082 ¹

313 3263 375 3319 res
418 3242 531 3342 quino
570 3240 846 3342 semisquipede
892 3239 1104 3341 (semipede
1140 3238 1238 3333 lan.)
1291 3261 1377 3315 esse

315 3373 531 3453 debere-
643 3374 815 3471 quoniam
840 3375 877 3449 in
917 3372 1042 3450 umido
1069 3372 1151 3450 solo
1178 3374 1226 3449 ad
1252 3371 1375 3448 vicina

318 3527 439 3606 aquae
466 3505 669 3606 perveniat.

347 3654 598 3741 Xenophontem
620 3655 847 3740 interpretatus
870 3660 920 3719 est
940 3654 1078 3736 Plinius,
1107 3653 1140 3717 in
1170 3653 1260 3718 cuius
1284 3670 1376 3716 oeoo-
1403 3699 1406 3706 .

271 3787 350 3836 uem.
367 3772 419 3840 19.
440 3772 461 3840 7
482 3772 598 3857 legitur
613 3767 688 3838 ἐπεὶ
709 3770 746 3838 ἔν
760 3795 798 3854 γε
819 3777 856 3862 τῇ
875 3769 960 3860 ὑγρᾷ
983 3769 1130 3859 ὀρύττων
1152 3769 1264 3851 βαθὺν
1286 3765 1376 3853 ὕδωρ

275 3883 512 3979 deceptorem:
545 3889 654 3975 itaque
681 3888 882 3954 scribendum
912 3896 962 3953 est
980 3891 1148 3968 perventae.
1172 3884 1262 3960 Quae
1285 3885 1313 3968 ξ.
1335 3882 1376 3949 81
1480 3905 1485 3914 “

275 3999 311 4066 de
330 4006 449 4092 Papirii
471 4005 617 4071 Oureoris
639 4007 710 4072 ioco
732 4011 918 4087 narrantur,
948 4026 1020 4070 cum
1041 4003 1191 4069 Pintiano
1213 4007 1246 4065 et
1266 4000 1376 4087 Lipsio

276 4118 393 4188 abhoc
420 4129 507 4188 certe
536 4124 606 4188 loco
634 4122 740 4201 aliena
762 4142 834 4187 esse
862 4142 996 4206 censeo,
1031 4142 1114 4208 quae
1135 4119 1191 4186 ubi
1220 4119 1376 4201 omiseris,

276 4237 390 4326 reliqua
410 4241 486 4305 inde
517 4261 588 4305 ar.
610 4247 718 4305 ceteris
745 4260 846 4326 usque
876 4240 918 4304 ad
939 4263 970 4305 r.
992 4245 1173 4306 nudaverint
1199 4245 1273 4325 apte
1301 4257 1375 4301 con-

277 4351 358 4443 iungi
378 4353 624 4424 animadvertes.
666 4345 780 4443 Neque
802 4343 911 4422 tamen
932 4357 1036 4422 Plinio
1058 4377 1189 4444 prorsus
1210 4354 1373 4420 abiudica-

279 4475 383 4559 verim,
411 4498 483 4541 cum
504 4477 625 4562 Papirii
647 4477 743 4541 etiam
766 4476 842 4540 alibi
862 4475 951 4541 XIV.
975 4478 1013 4542 91
1036 4476 1230 4540 mentionem
1251 4469 1374 4549 fecerit,

280 4590 330 4654 sed
348 4594 484 4680 margini
511 4594 583 4660 libri
613 4593 775 4679 adscripta
799 4581 981 4680 putaverim
1008 4613 1068 4657 sua
1093 4596 1207 4677 postea
1233 4587 1303 4650 loco
1323 4585 1374 4648 in·

281 4712 411 4779 aranda.
450 4711 544 4787 Quod
564 4731 606 4776 ne
626 4710 758 4792 faceret,
779 4716 883 4775 morte
904 4709 1080 4796 impeditus
1102 4712 1161 4770 est.
