3567 5559
459 577 521 646 m
898 579 998 652 ader
1019 581 1134 652 XIII.

378 779 442 848 aaa
582 721 594 744 ⁴
890 769 1143 864 oe=11‚21.

506 915 562 996 Et
580 917 676 995 banc
700 919 919 1024 (chaman)
944 919 1151 999 Alexandri
1182 919 1318 1020 magni
1349 912 1494 995 victoria
1516 935 1558 986 re·
1597 981 1598 990 ι

505 1061 648 1154 perlem
669 1063 799 1130 auctor
820 1067 879 1130 eet
902 1054 959 1132 Μ.
980 1055 1121 1152 Varro,
1157 1054 1325 1131 condita
1350 1051 1389 1128 in
1416 1049 1558 1145 Aegypto

507 1188 753 1282 Alexandria3
782 1200 865 1265 ante
898 1215 943 1265 ea
974 1215 1048 1266 non
1069 1189 1193 1266 fnisse
1224 1189 1447 1265 chartarum
1467 1203 1558 1269 neum,

507 1323 546 1401 in
568 1325 770 1424 palmarum
795 1324 893 1399 foliis
919 1324 1039 1425 primo
1063 1324 1328 1425 scriptitatum
1356 1326 1421 1394 rel.

541 1481 623 1548 lude
649 1483 804 1550 acerbis
834 1487 870 1550 ia
888 1483 990 1573 palm.
1013 1479 1069 1572 sol.
1086 1504 1257 1552 sermone
1289 1483 1426 1554 directo
1448 1471 1558 1542 Plinium
1598 1455 1599 1464 ¹

457 1600 504 1664 nti
525 1599 684 1684 coepisse
704 1617 745 1664 ac
768 1601 1011 1688 digressionem
1038 1601 1080 1667 de
1110 1619 1153 1666 ea
1177 1599 1334 1666 materie
1362 1613 1459 1684 quam
1484 1597 1558 1653 antea

458 1717 502 1783 ad
517 1717 730 1814 scribendum
754 1714 906 1783 homiues
928 1717 1142 1797 adhibebant,
1161 1717 1235 1783 non
1260 1727 1437 1802 tamquam
1458 1727 1477 1773 a
1496 1703 1558 1768 Van·

457 1855 541 1901 roae
561 1846 737 1921 acceptam
759 1833 925 1920 prolerre,
948 1855 1022 1900 cum
1050 1844 1122 1900 tota
1143 1833 1213 1900 loci
1239 1831 1300 1921 qni
1324 1830 1475 1917 sequitur
1493 1819 1556 1887 ratio

458 1955 558 2021 docet
586 1965 655 2020 tum
682 1934 882 2041 praesertim
908 1953 1045 2020 verbum
1074 1953 1278 2019 invenimus.
1329 1949 1418 2016 Tum
1442 1944 1555 2016 deman,
1599 1953 1600 1996 t

457 2093 557 2158 qnam
579 2073 621 2138 de
642 2075 909 2140 membranarum
930 2073 1120 2139 inventione
1140 2072 1312 2159 loquitur,
1335 2067 1515 2133 Varronem
1527 2073 1555 2120 ne

456 2191 554 2278 aequi
573 2201 727 2258 testatur.
769 2189 876 2258 Aliter
895 2191 995 2276 igitur
1017 2202 1070 2258 est
1088 2185 1424 2276 interpungendum:

498 2305 780 2372 -Alexaadriaa
803 2315 925 2371 aatea
943 2306 1225 2394 (ituenimpotins
1240 2303 1380 2387 scribo)
1403 2287 1555 2378 wnftfffl

499 2421 690 2489 amararum
716 2444 822 2490 amum.
876 2425 925 2490 Ia
950 2423 1138 2512 palmarum
1162 2419 1256 2510 soliis
1280 2421 1393 2512 priato
1418 2405 1552 2496 scriptito·

499 2552 568 2609 aar·
587 2540 646 2610 rel.
1254 2603 1257 2610 .
1400 2519 1404 2526 Ι

541 2662 699 2732 Similiter
709 2660 885 2737 Gesnerns
906 2681 1039 2749 qnoque
1059 2661 1092 2728 in
1112 2661 1306 2732 chr-estam.
1329 2651 1444 2746 ρ.499.
1461 2639 1550 2712 distin·

456 2781 516 2865 xit,
538 2781 601 2850 uisi
623 2778 713 2869 qnod
734 2779 833 2846 etiam
854 2789 934 2867 post
953 2799 985 2845 v.
1003 2779 1216 2846 Alexandria
1236 2787 1406 2898 puuctum
1427 2757 1532 2856 posuit·

375 2975 439 3041 224
556 2970 559 2978 ⁴
880 2931 1059 3028 85:87,
1077 2933 1138 3010 27.

539 3083 683 3170 insignis
704 3094 756 3148 est
775 3081 872 3150 locus
885 3083 928 3149 de
938 3081 1068 3150 Numae
1081 3081 1173 3148 libris
1196 3101 1226 3146 a.
1237 3102 1271 3149 a.
1284 3068 1462 3147 DXXXV.
1475 3055 1547 3128 ⁸0¹¹·

454 3199 612 3268 'l'ereutlo
636 3200 748 3266 scriba
774 3201 934 3284 repertis,
964 3221 1080 3266 verum
1110 3197 1219 3265 multis
1247 3197 1340 3263 vitiis
1368 3185 1544 3275 inquinatas,

454 3338 594 3401 qnorum
624 3316 689 3380 alia
713 3312 860 3400 Silligius
889 3309 1081 3382 melioribus
1109 3313 1204 3380 codd
1231 3311 1383 3380 feliciter
1406 3321 1482 3372 nsns
1503 3311 1545 3358 su·

452 3431 559 3509 stelit,
586 3432 653 3495 alia
674 3431 884 3496 emendanda
914 3430 1056 3516 reliquit.
1107 3429 1151 3495 Et
1180 3425 1468 3516 perturbatissime
1492 3403 1543 3495 qni.

452 3551 528 3617 dem
555 3547 652 3614 Plinii
676 3547 785 3611 verba
811 3547 876 3610 iam
908 3545 941 3610 in
970 3547 1157 3631 archetypo
1191 3547 1300 3616 fnisse
1330 3559 1452 3629 magna
1476 3519 1542 3596 ⁵⁰¹5·

450 3678 815 3754 ptnracsnnmerornm
835 3664 1035 3750 praesertim
1058 3665 1222 3734 varietate
1236 3679 1271 3735 et
1290 3664 1421 3735 lacunis
1441 3639 1541 3722 armai·

450 3788 643 3876 torquibus
664 3807 707 3852 ne
728 3785 803 3872 ipse
827 3784 959 3874 quidem
989 3785 1068 3852 cod.
1091 3785 1123 3851 R
1143 3806 1271 3852 vacuus
1298 3797 1365 3854 cst.
1417 3773 1537 3843 Primam

451 3908 560 3976 Cassii
583 3907 744 3973 Heminae
770 3906 875 3971 verba
897 3927 963 3972 non
988 3889 1011 3973 a
1036 3925 1125 3972 voce
1154 3903 1309 3991 lapidem,
1337 3894 1434 3971 aienti
1457 3875 1540 3956 voluit

449 4023 616 4110 Sinicius,
643 4023 707 4090 sed
730 4041 752 4086 a
772 4019 990 4092 Mirabantur
1018 4021 1261 4108 incineratum
1286 4020 1383 4090 Plinii
1409 4004 1537 4082 oratione

449 4148 516 4203 tum
533 4139 702 4212 infinitivis
721 4139 880 4226 antiquae
901 4138 1031 4205 formae
1052 4141 1246 4209 arbitrarier
1264 4140 1476 4228 significatur,
1494 4111 1537 4206 φή

448 4255 592 4321 Ηθῑῧο
614 4256 825 4339 ‚rodomum
846 4258 915 4342 apti
936 4269 1024 4324 sunt.
1053 4259 1189 4325 Scilicet
1200 4259 1252 4327 eie
1264 4259 1407 4349 loquitur
1417 4236 1536 4318 Cassian

449 4406 469 4451 a
482 4379 587 4448 Plinio
601 4378 653 4481 bie
667 4377 782 4446 verbis
797 4380 938 4446 citatus:
959 4373 1076 4474 ipsius
1089 4372 1274 4452 Heminae
1286 4379 1397 4455 verbo
1409 4375 1531 4471 ponam·

498 4521 727 4602 Mirabantur
753 4523 835 4618 alii,
862 4522 1048 4624 quomodo
1068 4522 1123 4606 illi
1145 4523 1230 4604 libri
1255 4526 1390 4616 durare
1413 4502 1535 4622 potnit·
