3567 5559
707 500 808 567 nae
825 504 880 568 ιι.
1034 594 1036 599 ¹
1308 511 1349 575 17
1435 550 1437 557 ,

319 665 417 751 lnitio
438 705 513 750 eum
535 684 569 748 R
586 684 734 752 scribere
756 686 882 753 malim:
904 687 965 752 Fa
985 697 1017 752 et
1033 691 1134 781 aalma
1151 692 1275 761 belluae
1295 698 1349 761 si·

227 804 322 869 mitt
341 801 465 881 nube,
492 801 568 865 dira
589 803 816 891 aauipontibus
837 804 899 885 (ef.
912 804 982 873 cio.
996 808 1038 872 de
1051 808 1148 876 divin.
1161 811 1287 899 11.2l).·
1312 814 1350 879 In

230 925 345 989 altero
368 929 475 986 sensu
496 932 590 985 reete
613 920 762 1007 Silligius
789 943 911 989 nomen
930 926 983 989 rei
1003 946 1088 1010 qnae
1107 926 1138 991 h.
1146 928 1169 992 1.
1192 910 1351 995 describi·

230 1054 291 1107 tur
313 1039 458 1124 flagitari
480 1040 652 1117 observat,
673 1039 762 1125 quod
785 1040 1048 1126 interpunctione
1066 1055 1191 1111 mutata
1209 1060 1243 1112 et
1263 1044 1351 1132 glos·

233 1170 366 1226 semote
388 1168 530 1223 extruso
551 1160 747 1227 restituitur.
789 1160 844 1223 Ad
867 1162 971 1225 verba
994 1162 1079 1226 enim
1102 1185 1144 1225 ex
1165 1164 1277 1228 eodem
1295 1188 1351 1255 pe·

233 1300 321 1342 nere
341 1286 465 1339 temere
487 1277 695 1360 adscriptum
706 1275 819 1341 vfuerat
840 1277 963 1342 arabes
985 1283 1073 1365 quod
1085 1300 1106 1345 a
1117 1282 1192 1348 eod.
1204 1296 1230 1347 Θ
1242 1282 1349 1348 abest.

239 1396 323 1469 Quo
346 1394 464 1458 omisso
487 1395 534 1458 ita
555 1396 662 1461 oratio
685 1397 807 1479 optime
829 1398 1001 1481 procedite

284 1528 432 1592 Vocatur
451 1536 484 1589 et
503 1526 655 1590 columna
676 1563 713 1577 -
736 1529 887 1608 sustinet,
915 1552 958 1593 ex
979 1531 1090 1595 eodem
1107 1552 1242 1618 penore,
1264 1540 1298 1596 et
1314 1534 1350 1596 iu

280 1650 346 1713 Lu.
370 1643 482 1733 fistula
503 1667 624 1739 aquam
645 1645 756 1714 trahit

237 1783 290 1849 Cf.
302 1782 437 1846 Lueret.
453 1778 508 1843 vt.
523 1779 670 1866 tuosqq.
696 1780 804 1847 Aliter
824 1776 1126 1869 interpungendum
1148 1805 1226 1852 esse
1250 1786 1348 1851 etiam

234 1904 338 1967 Ianus
361 1899 381 1964 i.
396 1898 416 1964 Ι.
438 1897 527 1962 vidit.

652 2086 936 2182 rar=o1,52.
1197 2076 1206 2137 ¹
1366 2112 1407 2178 n

291 2253 433 2330 Marcia
474 2256 694 2359 princeps
736 2256 1035 2334 Romanarum
1074 2258 1149 2335 icta
1185 2259 1347 2361 gravido,

287 2402 398 2492 partu
423 2392 654 2486 exanimato,
692 2392 773 2492 ipsa
809 2393 903 2469 citra
935 2397 1046 2471 ulium
1077 2395 1177 2472 aliud
1210 2397 1379 2481 inoom-,

285 2528 436 2603 modum
462 2526 566 2602 vixit.

321 2675 487 2762 Corrupta
499 2677 674 2743 haeresse
687 2678 896 2744 manifestum
919 2689 983 2757 est,
1005 2680 1241 2766 quamfemina
1262 2686 1348 2769 prin·

233 2818 319 2882 oeps
338 2797 567 2862 Romanarum
588 2794 750 2883 appellari
772 2796 863 2863 nollo
886 2797 985 2861 modo
1009 2800 1126 2879 possit.
1170 2800 1271 2873 Quod
1292 2821 1350 2865 aa·

233 2926 301 2980 tem
329 2926 429 2979 acute
456 2916 598 2980 coniecit
624 2916 724 2981 lanus
743 2918 895 3003 princeps
915 2923 1143 2977 matronarum
1171 2916 1350 2999 probarem

237 3033 410 3115 equidem,
440 3033 550 3097 siant
577 3044 804 3099 matronarum
834 3032 1041 3117 principatus
1066 3043 1162 3097 certa
1184 3034 1351 3119 quaedam

163 3179 164 3182 ¹
238 3150 385 3234 dignitas
409 3162 464 3213 aut
486 3150 615 3217 Marcia
639 3164 707 3217 tam
733 3152 873 3238 insignis
899 3151 1022 3216 virtute
1051 3148 1173 3215 fuisset
1201 3160 1238 3216 ut
1264 3152 1351 3220 inter

235 3288 355 3337 ornnes
375 3280 544 3336 matronas
574 3274 735 3355 prioeeps
766 3270 961 3336 haberetur.
1000 3268 1046 3332 At
1070 3288 1153 3335 vero
1174 3270 1242 3336 tale
1268 3270 1351 3337 nihil

235 3388 417 3453 memoriae
439 3388 599 3472 proditur.
641 3390 709 3454 lam
730 3410 814 3455 vero
835 3388 949 3473 optimi
973 3389 1111 3453 oodiees
1129 3388 1214 3454 R¹T
1227 3391 1284 3455 ad
1303 3390 1350 3455 la·

234 3516 317 3589 gunt
337 3506 576 3588 Romanorum,
600 3530 665 3595 qua
688 3509 855 3593 scriptura
877 3516 1017 3592 recepta
1035 3506 1187 3593 princeps
1208 3508 1241 3571 in
1261 3508 1351 3593 prim

236 3623 315 3708 ripis
335 3624 525 3689 mutandum
547 3628 689 3711 videtur,
709 3627 756 3691 ite
777 3636 812 3689 ut
832 3623 954 3690 nomen
977 3625 1065 3691 unde
1088 3624 1254 3711 genitivus
1270 3645 1351 3709 pen-

237 3741 330 3824 deat,
363 3742 535 3811 exciderit.
587 3746 687 3821 Quod
718 3743 878 3809 alitteris
909 3745 1008 3807 umiat
1037 3743 1276 3810 restituendum
1300 3754 1352 3808 est

239 3859 327 3924 auio.
368 3859 499 3925 Marcia
520 3864 617 3947 enim,
641 3865 682 3939 Q.
705 3861 826 3926 Marcii
846 3860 952 3943 Regis
973 3882 1083 3946 soror,
1106 3880 1193 3945 quae
1217 3860 1253 3923 C.
1270 3861 1351 3926 iulio

241 3975 379 4040 Caesari
399 3991 575 4063 nupserat,
599 3981 771 4046 dictatoris
793 3978 953 4044 Caesaris
977 3979 1052 4043 avia
1074 3978 1151 4063 fuit,
1173 3999 1271 4064 quem
1294 4000 1353 4044 eo-

238 4095 315 4158 dem
345 4097 444 4160 modo
468 4098 655 4182 prinoipem
676 4100 904 4163 Romanorum
927 4094 1100 4184 appellare
1121 4096 1213 4163 liouit
1235 4094 1353 4174 Plinio,

236 4235 302 4300 quo
328 4215 433 4280 xxii.
451 4214 505 4283 20.
528 4216 693 4283 Perielem
712 4216 968 4282 Atheniensium
998 4218 1183 4301 prinoipem
1211 4214 1354 4281 vooavit.

237 4334 464 4401 Sor-ibenium
486 4336 666 4420 estigitur,
687 4346 724 4407 ut
745 4336 891 4401 videtur:

490 4470 682 4556 principis
708 4471 975 4534 Romanorum
1002 4469 1103 4534 auio.
1224 4548 1226 4552 ι

1124 4600 1144 4659 2
