3567 5559
425 703 468 776 ee
727 795 734 806 ,
886 704 1072 769 nourr

427 902 512 984 vult,
535 901 576 966 de
597 921 660 988 quo
681 899 811 986 pluralia
833 919 896 964 neu
915 899 1038 964 dubito.
1080 897 1240 984 Equidem
1272 895 1530 982 interpunctione

426 1018 534 1084 deleta
549 1017 625 1084 lolia
638 1039 703 1082 uua
713 1018 734 1082 i.
749 1039 777 1081 e.
791 1016 885 1080 aimul
899 1015 1046 1098 rotundo
1067 1036 1169 1102 parra
1181 1014 1267 1078 levia
1276 1014 1431 1099 appellari
1441 1019 1531 1097 puto.
1613 1014 1614 1085 i

343 1169 405 1236 m
863 1155 1096 1242 mmm
1613 1098 1615 1185 l

477 1280 616 1358 Vitium
643 1281 828 1359 brassicae
869 1307 981 1360 unum
1006 1291 1044 1360 et
1068 1303 1243 1380 maguum
1273 1283 1533 1378 argumentum
1613 1276 1614 1325 i

474 1413 656 1491 addemus
682 1437 727 1490 uc
752 1415 930 1493 mirabile.

508 1543 609 1609 (redu.
633 1543 693 1608 Τά
717 1551 912 1628 ammirabile,
934 1551 1159 1622 aomnirolile,
1178 1543 1266 1630 quod
1286 1543 1328 1607 ab
1349 1544 1430 1612 lano
1454 1541 1534 1604 reci·

425 1663 510 1750 pitur
530 1661 687 1748 asyndeto
710 1683 774 1727 non
795 1662 945 1746 ferendo;
967 1663 1131 1748 vulgatam
1152 1663 1341 1744 scripturam
1358 1667 1424 1723 eta
1437 1655 1532 1723 codd.

424 1777 516 1844 MSS.
539 1778 677 1844 alienam
699 1787 731 1843 et
752 1787 881 1866 propter
902 1781 1072 1845 verborum
1090 1778 1331 1844 collocationem
1346 1777 1534 1861 relinquen·

425 1895 499 1961 dam
527 1915 599 1961 eoae
628 1905 772 1982 apparet.
815 1897 944 1962 Scilicet
967 1919 1032 1963 roo.
1066 1901 1243 1961 admirabile
1263 1894 1342 1958 nihil
1369 1893 1465 1958 aliud
1487 1902 1534 1954 eat
1613 1902 1614 1905 ’

424 2034 521 2100 quam
542 2015 628 2078 vooie
651 2035 791 2093 mannam
812 2015 1050 2100 interpretatio,
1081 2034 1101 2077 e
1133 2012 1245 2079 sedulo
1274 2012 1380 2077 scriba
1410 2003 1534 2076 addita
1613 2080 1614 2089 ,

426 2130 590 2198 Lacunam
613 2133 642 2217 fi.
665 2133 706 2202 97
730 2134 825 2198 lanne
847 2132 930 2197 bene
952 2130 1102 2216 explerit
1144 2117 1149 2126 ‘

342 2297 405 2363 434
859 2289 908 2363 98
925 2285 967 2344 ἒ
992 2288 1089 2375 9,39.
1613 2322 1614 2365 r

474 2413 1615 2515 unmmmmmmmmffln;

473 2546 609 2624 deinde
636 2547 772 2625 oblitus
816 2550 932 2627 cadus
958 2549 1125 2650 ponitur,
1144 2549 1213 2626 sub
1239 2542 1377 2647 tegnlis
1416 2549 1532 2625 totius
1613 2534 1614 2539 ‘

474 2681 547 2758 diei
588 2679 706 2759 solem
744 2681 1030 2782 accipientibus3
1081 2689 1167 2783 post
1210 2704 1294 2757 eum
1336 2701 1530 2757 numerum
1613 2714 1615 2797 g

291 2831 333 2888 v.
462 2814 618 2909 -dierum
644 2813 783 2891 tollitur
808 2837 875 2891 vas
902 2822 973 2892 etc.

502 2946 609 3011 Etiam
637 2945 783 3011 omnibus
818 2946 981 3012 codicibus
1014 2945 1250 3031 refragantibus
1280 2943 1427 3015 ordinem
1464 2963 1530 3009 ver·

426 3064 538 3128 borum
559 3085 611 3128 ree
638 3065 709 3149 ipsa
730 3047 890 3149 flagitaret
917 3065 964 3129 ita
985 3063 1217 3128 restituendum
1240 3068 1329 3143 esee,
1350 3070 1387 3127 ut
1407 3062 1529 3126 dierum

425 3201 575 3245 numerus
597 3181 707 3265 quiin
728 3183 792 3246 fine
815 3203 928 3246 aeneus
951 3189 1226 3262 commemoratur,
1249 3200 1321 3244 cum
1342 3181 1436 3244 initio
1459 3198 1530 3244 cou-

424 3298 618 3382 iungeretur.
641 3298 733 3363 Nune
754 3299 860 3384 ipsum
883 3299 954 3365 cod.
979 3303 1009 3366 Θ
1031 3306 1160 3364 secutus
1182 3298 1270 3383 lego:

465 3434 560 3497 pppro
582 3451 624 3462 -
645 3421 880 3496 accipientium
903 3388 962 3482 leae
981 3425 1016 3496 fit
1038 3455 1075 3465 -
1098 3438 1165 3507 var..

265 3587 266 3592 '
342 3583 405 3654 lau
854 3559 923 3632 103
950 3575 986 3605 ΐ-
1014 3558 1109 3645 ulo

476 3682 706 3786 Lentiginem
734 3709 817 3763 cum
845 3686 930 3764 vino
956 3693 1019 3763 aut
1044 3709 1128 3763 cum
1153 3685 1297 3763 cucumi
1324 3691 1433 3764 cocto
1471 3683 1527 3778 ul-

475 3816 528 3896 liti
553 3820 749 3898 emendant
775 3819 913 3915 bulbi).

507 3951 620 4037 Neque
642 3973 714 4018 oum
741 3953 866 4018 cuoumi
907 3969 1012 4038 neque
1049 3971 1122 4016 cunr
1150 3952 1294 4033 cumino,
1341 3949 1429 4035 quod
1450 3949 1526 4014 lano

425 4067 562 4150 placuit,
597 4068 781 4155 quidquam
801 4069 951 4150 illinitur,
989 4059 1050 4132 niei
1087 4069 1211 4155 liquore
1239 4069 1345 4154 aliquo
1375 4067 1525 4132 adhibito.
1612 4046 1615 4079 ⁶

427 4183 524 4246 Cuius
545 4203 661 4249 nomen
683 4205 701 4250 e
724 4185 870 4251 codicum
897 4186 982 4251 vitiis
1003 4205 1069 4251 cam
1089 4193 1207 4251 eucamt
1227 4198 1313 4251 cocto
1338 4190 1383 4267 Θ,
1412 4189 1527 4250 cacani

426 4309 511 4365 coeto
533 4318 569 4381 a,
592 4319 659 4366 cum
680 4308 810 4385 cumino,
836 4302 955 4369 enorme
977 4317 1064 4369 cocto
1085 4303 1106 4368 d
1128 4311 1199 4394 tum
1217 4304 1352 4384 eruitur,
1380 4321 1452 4367 oum
1476 4301 1525 4366 de·

425 4417 497 4484 letio
527 4437 610 4504 quae
645 4419 693 4483 bie
722 4419 904 4486 scribuntur
928 4420 1043 4487 littorio
1072 4442 1128 4486 eae
1167 4441 1251 4506 quae
1283 4423 1317 4485 in
1345 4419 1524 4484 melioribus
1613 4448 1614 4493 r

426 4542 610 4622 corruptae,
643 4539 676 4604 in
699 4537 909 4604 deterioribus
918 4525 1143 4624 'interpolatae
1172 4546 1248 4603 eunt
1269 4545 1434 4603 cumteoero
1456 4558 1524 4602 con·

427 4659 616 4728 siderarerie
644 4669 676 4726 et
704 4647 784 4738 curn‘
803 4656 1000 4723 Dioscuridis
1023 4657 1093 4722 loco
1121 4656 1163 4721 11.
1193 4658 1256 4724 200
1284 4661 1523 4744 comparaveris.
