3567 5559
692 549 793 616 Liber
812 550 868 618 ΙΙ.
1292 551 1332 617 31

220 739 338 805 seruit,
393 735 479 799 Nam
511 754 556 800 ne
581 736 656 821 quis
681 755 839 802 venarum
865 748 901 804 et
925 738 1124 803 arteriarum
1145 736 1333 805 discrimine

219 857 309 943 quod
333 852 403 920 illic
423 853 614 939 exponitur,
639 856 766 921 abusus
787 854 900 923 locum
920 866 1072 923 nostrum
1094 857 1137 922 ab
1159 855 1265 921 altero
1286 858 1333 922 di·

218 995 358 1042 versum
382 993 463 1038 esse
486 972 676 1052 contendat,
698 974 785 1039 idem
796 972 999 1061 Herophilus
1020 974 1075 1061 qui
1095 974 1235 1053 Χ1.219,
1255 994 1334 1061 „ar-

219 1095 379 1159 teriarum
396 1090 532 1176 pulsum
544 1090 577 1155 in
587 1090 744 1157 modulos
762 1103 876 1160 certos
895 1094 1057 1180 legesque
1077 1094 1259 1159 metricas“
1278 1096 1335 1161 de·

219 1211 407 1297 scripsisse
424 1219 594 1290 narratur,
614 1208 780 1280 ΧΧ1Χ.6.
800 1212 858 1291 „in
878 1212 1026 1279 musicos
1046 1213 1153 1297 pedes
1172 1233 1332 1279 venarum

220 1330 325 1414 pulsu
346 1328 537 1414 descripto“
557 1326 753 1395 inclaruisse
770 1327 887 1401 fertur.
918 1330 1137 1398 scribendum
1160 1342 1213 1399 est
1234 1332 1334 1419 igitur

222 1448 342 1514 verbis
361 1446 588 1532 suppositiciis
610 1446 746 1512 deletis:

474 1563 604 1651 pulsum
621 1586 782 1629 venonam
802 1568 905 1657 napis
925 1567 1079 1634 sentiunt.

607 1717 940 1815 mmmm.
1347 1730 1388 1795 n

270 1871 436 1974 Quidam
456 1868 625 1971 (menes)
646 1895 736 1947 vero
759 1870 845 1947 odio
871 1870 984 1947 maris
1005 1873 1165 1947 subeunt
1190 1873 1283 1949 vada

221 2024 323 2089 naris
342 2022 432 2109 ipso
452 2020 486 2087 A
505 2031 540 2086 et
559 2019 644 2087 Rob.
663 2020 734 2107 ipsu
755 2019 843 2085 noda
865 2021 886 2084 d
911 2019 963 2085 11¹
984 2019 1026 2085 a¹
1043 1975 1141 2083 xtresdo
1168 2020 1332 2087 omittunt.

221 2142 351 2207 Nescio
370 2160 433 2206 eur
442 2140 554 2223 optimi
564 2138 639 2205 libri
654 2138 857 2223 scripturam
868 2138 1035 2221 spreverit
1047 2136 1207 2224 Silligius.
1232 2140 1332 2205 Nam·

224 2279 293 2345 que
312 2258 389 2341 ipsa
408 2258 493 2323 vada
512 2267 550 2321 ut
568 2228 719 2322 subirent
738 2275 855 2323 amnes
869 2256 972 2323 utaris
993 2256 1071 2325 odio
1090 2258 1231 2327 adactos
1252 2280 1332 2329 esse

225 2377 395 2441 Plinianae
429 2376 560 2461 quidem
594 2372 783 2458 elegantiae
816 2375 915 2443 valde
947 2388 1000 2445 est
1031 2380 1330 2445 accommodatum.

224 2496 297 2563 Vox
318 2506 431 2562 antem
452 2495 519 2579 ipae
539 2493 658 2559 eodem
676 2495 776 2560 modo
797 2494 909 2581 §.164
929 2505 1121 2582 usurpatur.

611 2662 940 2760 mmmm.
1348 2676 1390 2741 n

267 2818 313 2893 ln
341 2814 523 2892 Ciconum
548 2815 700 2891 flumine
727 2827 765 2892 et
784 2815 853 2920 [iu
871 2814 1066 2919 Piceno]
1088 2818 1172 2889 lacu
1198 2812 1331 2887 Velino

267 2952 408 3053 lignum
435 2949 620 3027 deiectum
645 2950 794 3052 lapideo
819 2948 959 3025 cortice
986 2948 1193 3025 obducitur.

304 3102 456 3185 Benigne
474 3102 751 3186 interpretatione
776 3101 825 3167 uti
848 3097 943 3163 libuit
967 3096 1140 3163 Harduino
1163 3117 1231 3185 qua
1257 3116 1330 3163 earn

221 3219 423 3286 Sabirrorum
441 3220 625 3305 regionem,
647 3239 769 3306 exque
782 3219 847 3285 orti
868 3216 937 3283 sint
948 3217 1119 3296 Picentes,
1140 3218 1255 3284 Pieeni
1270 3238 1333 3283 no-

219 3339 304 3405 mine
327 3337 495 3423 appellari
516 3338 631 3407 vellet.
676 3334 891 3415 cll.111.110‚
913 3336 1026 3404 Strab.
1039 3337 1083 3403 V.
1098 3360 1131 3423 p.
1144 3337 1217 3403 198.
1259 3337 1330 3403 Ve-

220 3478 289 3521 rum
308 3470 436 3535 tamen,
456 3468 494 3521 ut
516 3458 681 3535 omittam,
705 3457 860 3522 Picentes
879 3456 938 3521 vix
959 3478 979 3523 e
1000 3454 1097 3523 lacus
1116 3455 1331 3523 Velinivici-

220 3576 271 3641 uia
296 3577 361 3642 sed
389 3577 434 3642 ab
462 3574 698 3660 antiquissimis
722 3575 921 3641 Sabinorum
941 3576 1081 3641 sedibus
1101 3574 1274 3642 Amiterno
1297 3583 1332 3639 et

222 3691 561 3779 Testrinaprofectos
580 3694 674 3760 visos
689 3714 769 3759 esse
788 3693 974 3775 veteribus,
998 3703 1125 3760 certum
1148 3702 1202 3759 est
1221 3690 1329 3758 lacum

225 3812 375 3879 Velinum
394 3811 496 3879 nihilo
517 3813 626 3898 magis
641 3813 675 3878 iu
687 3813 813 3878 Piceno
835 3809 995 3877 collocari
1014 3814 1167 3897 potuisse
1187 3831 1209 3875 a
1224 3809 1330 3875 Plinio

224 3949 322 4014 qoam
342 3933 536 4017 Syracusas
554 3930 589 3995 in
613 3929 867 4016 Peloponneso,
896 3949 996 4016 quum
1021 3927 1109 3995 inira
1130 3928 1185 3992 lll.
1203 3924 1275 3991 109.
1297 3937 1332 3993 et

224 4047 295 4113 110.
322 4049 455 4115 disertis
487 4048 602 4113 verbis
632 4048 770 4115 Velinus
802 4048 898 4116 lacos
925 4047 1062 4114 Sabinis
1092 4048 1115 4112 i.
1129 4066 1160 4112 e.
1189 4055 1330 4131 quartae

223 4166 333 4233 ltaliae
352 4167 486 4253 regioni
506 4166 641 4251 tribuat,
659 4168 817 4235 Picenum
837 4182 949 4235 autem
970 4187 990 4231 a
1010 4166 1117 4233 latere
1129 4165 1329 4233 Sabinorum

224 4284 322 4351 nnm-
338 4284 489 4371 quintam
509 4286 616 4353 iuisse
635 4287 758 4353 tradat
806 4286 936 4363 Quodsi
957 4286 1058 4373 igitur
1076 4296 1144 4351 tam
1164 4284 1330 4369 insignem
1422 4280 1426 4287 ’

227 4418 370 4471 errorem
381 4403 458 4490 ipse
478 4424 548 4470 nou
567 4406 777 4473 commisisse
797 4406 967 4492 putandus
980 4414 1044 4486 est,
1064 4412 1330 4473 consentaneum

227 4530 281 4601 est,
300 4532 340 4589 ut
357 4521 466 4590 verba
488 4523 527 4587 in
545 4524 667 4591 Roem
684 4526 924 4612 grammaticus
945 4524 1079 4611 quidam
1097 4521 1154 4591 vel
1174 4518 1328 4587 librarius
1399 4568 1402 4574 ,
