3567 5559
677 551 866 620 ruerus.
1175 536 1221 563 ·’
1287 556 1333 621 ta

205 760 308 830 quam
319 740 450 809 Strabo
459 739 550 807 Vlll.
563 762 596 823 p.
603 736 661 803 231
669 782 686 801 ..
700 738 810 813 Quum
832 740 919 807 euim
941 740 998 806 hic
1019 740 1066 806 ad
1076 740 1227 809 Araxum
1247 762 1329 827 pro-¹

203 860 414 927 montorium
434 879 545 945 nsque
566 858 694 923 Elidem
717 859 888 943 pertinere
910 858 1040 936 tradat,
1068 857 1194 925 Plinius
1214 860 1329 927 Peuce

206 992 242 1047 et
254 978 448 1047 Chelonate
462 980 506 1043 ab
518 976 650 1043 Achaia
663 976 847 1063 distinguit.
871 979 968 1053 Quae
980 979 1112 1065 quidem
1123 976 1237 1049 finium
1256 1000 1330 1047 mu·

205 1102 291 1165 tatio
312 1071 452 1186 quando
475 1096 567 1162 sacta
579 1097 635 1175 sit,
655 1096 787 1174 nescio,
809 1096 1053 1164 duravit-certe
1074 1118 1142 1163 non
1162 1097 1329 1166 ultraAu·

205 1220 402 1284 turinorum
426 1225 584 1296 aetatem,
605 1237 683 1282 nam
697 1217 884 1283 Pausanias
897 1215 1152 1285 etPtolemaeus
1172 1218 1330 1305 antiquos

206 1336 318 1402 Elidis
339 1334 511 1401 lineum
533 1354 667 1422 quoque
687 1345 799 1403 aetate
812 1336 962 1403 valuisse
975 1335 1215 1403 demonstrant.
1236 1338 1338 1407 tuem

209 1457 257 1520 de
280 1453 444 1538 Argolide
465 1454 645 1519 decadum
665 1467 736 1540 est,
754 1475 775 1521 a
796 1475 863 1542 qua
886 1453 1012 1521 Plinius
1034 1475 1120 1521 unus
1143 1453 1340 1524 Phliuntem·

208 1573 397 1659 separavit.
438 1572 559 1659 Neque
584 1582 695 1638 tamen
718 1584 785 1638 tam
811 1572 1054 1658 imprudentem
1073 1593 1112 1639 se
1139 1572 1260 1659 gessit,
1292 1584 1329 1643 ut

209 1714 329 1781 agrum
357 1691 541 1758 Phliasium
567 1714 674 1779 prope
700 1693 848 1760 Peneum
876 1693 976 1757 situm
1006 1710 1086 1760 esse
1121 1693 1326 1777 perhiberet.

212 1814 357 1879 Videtur
382 1812 516 1897 quidem
541 1812 588 1876 ita
615 1808 722 1897 loqui,
747 1812 809 1877 sed
838 1832 962 1877 revera
988 1830 1057 1880 non
1082 1810 1160 1893 ipse
1182 1810 1328 1898 loquitur

209 1943 333 1999 auctor
356 1931 576 2016 perturbatus
599 1930 767 2007 interdum
794 1950 905 1995 rerum
928 1948 1017 2015 quae
1038 1930 1211 2009 tradebat,
1240 1929 1328 1999 mole

210 2062 244 2119 et
262 2051 380 2137 copia,
399 2066 682 2135 numquamvero
707 2048 875 2113 indoctus.
919 2047 985 2121 Qui
1006 2068 1105 2132 quum
1126 2048 1159 2111 iu
1182 2046 1328 2115 Graecia

150 2166 154 2205 ²
209 2170 446 2237 describenda
472 2188 512 2231 ea
537 2166 611 2232 lere
639 2168 770 2233 ratione
800 2174 952 2232 uteretm
988 2176 1025 2233 ut
1057 2166 1200 2251 primum
1233 2187 1328 2235 oram

151 2287 152 2292 ’
210 2286 416 2353 maritimam
433 2284 576 2373 legeret,
604 2287 727 2353 deinde
755 2284 883 2369 oppida
904 2286 1000 2351 intus.
1016 2287 1088 2352 sita,
1103 2300 1326 2369 enumeraret,

212 2382 292 2472 eum
321 2406 471 2471 ordinem
492 2408 549 2491 qni
574 2407 608 2472 in
637 2406 791 2472 omnibus
815 2404 990 2471 codicibus
1017 2408 1202 2491 reperitur,
1229 2411 1327 2496 sequi

150 2523 158 2564 ³
212 2526 306 2592 nullo
327 2519 431 2591 modo
449 2524 563 2609 potuit.
594 2524 681 2589 Num
703 2526 788 2590 enim
802 2523 1011 2591 Panhormus
1032 2537 1152 2611 portus
1171 2529 1261 2594 intus
1282 2530 1325 2595 si·

212 2656 268 2713 tus
286 2644 372 2711 suit‘l
413 2644 517 2709 Immo
538 2664 646 2729 prope
666 2641 824 2709 Eriueum
842 2644 894 2709 cui
918 2643 952 2709 in
970 2643 1046 2729 ipsa
1068 2666 1128 2712 ora
1151 2659 1225 2713 erat
1245 2648 1325 2715 vici·

151 2741 153 2798 ἶ
209 2786 285 2849 nus,
305 2764 406 2829 etiam
419 2763 509 2847 apud
519 2772 670 2843 nostrum
682 2763 880 2849 scriptorem
895 2771 947 2828 est
959 2760 1186 2835 collocandus.
1209 2766 1325 2831 Missis

211 2885 312 2969 igitur
327 2883 444 2950 verbis
466 2883 556 2945 intas
578 2879 880 2968 Cleonoe‚.Hqsioe
901 2880 1042 2971 pulchre
1063 2883 1108 2945 ita
1132 2883 1325 2953 describun-

212 3002 555 3079 turAchaiaelitora,
577 3012 612 3065 ut
626 3001 670 3065 ab
691 3001 820 3065 oriente
838 3022 1001 3067 occasum
1022 3020 1144 3067 versus
1162 3004 1325 3087 proceda·

213 3132 283 3187 tur.
313 3120 417 3205 Atqui
432 3143 498 3186 non
521 3119 684 3185 elicienda
705 3130 784 3185 sunt
804 3140 890 3206 quae
906 3121 1006 3188 modo
1029 3120 1248 3192 indicavimus
1267 3144 1327 3197 voe

212 3240 350 3319 cabula,
371 3261 486 3305 verum
501 3241 567 3306 alio
580 3238 829 3305 transferenda.
853 3241 939 3305 Nam
954 3242 1040 3306 inter
1049 3240 1193 3307 Eliorum
1207 3262 1326 3329 agrum

212 3374 246 3431 et
266 3360 490 3428 Chelonatem
510 3360 772 3444 promontorium
794 3357 879 3424 male
893 3338 1078 3426 Phliuntem
1099 3362 1239 3429 interiici
1260 3362 1326 3432 iam

212 3502 317 3567 supra
344 3478 616 3565 significavimus.
666 3479 786 3564 Neque
813 3478 988 3547 castellum
1015 3480 1129 3549 Phlius
1155 3480 1232 3564 fuit,
1262 3486 1326 3549 s‘ed

211 3603 292 3667 urbs
314 3600 419 3665 etlam
439 3608 508 3664 tum
528 3598 760 3685 celeberrima.
812 3599 943 3674 Quodsi
963 3620 1046 3676 vero
1066 3602 1130 3668 tria
1149 3600 1206 3665 illa
1222 3622 1325 3668 voca-

211 3721 289 3787 bula
308 3720 382 3787 huc
393 3717 586 3797 inserueris,
609 3720 781 3783 sanabitur
794 3718 893 3785 locus
916 3720 1039 3806 alioqui
1061 3720 1325 3790 molestissimus.

212 3836 339 3903 Verbis
364 3834 455 3899 uode
479 3834 638 3922 Cyllenen
662 3837 699 3903 V
708 3840 790 3927 MP·
817 3838 930 3903 finitur
951 3858 1033 3903 orae
1058 3839 1242 3903 maritimae
1266 3840 1326 3904 de·

213 3955 372 4040 scriptio:
394 3954 556 4041 reliquum
570 3958 644 4021 erat
659 3971 696 4023 ut
717 3957 843 4043 oppida
864 3956 953 4020 intus
964 3958 1029 4019 sita
1040 3966 1326 4038 enumerarentur,

213 4074 364 4141 Cleonas
384 4076 479 4158 dico,
499 4074 638 4161 Hysias,
658 4074 854 4140 Phliuntem.
899 4072 971 4139 Nisi
991 4092 1072 4139 vero
1093 4073 1159 4140 leni
1177 4068 1325 4147 remedio

212 4194 374 4262 utendum
395 4213 476 4259 esse
496 4192 685 4275 videretur,
715 4192 863 4261 Cleonas
884 4195 997 4279 potius
1020 4194 1192 4262 castellum
1215 4198 1326 4271 Strab.

213 4311 402 4398 Vll.p.377.
413 4322 553 4377 secutus
571 4312 814 4399 appellandum.
831 4334 910 4379 esse
932 4314 1181 4411 contenderem,
1201 4316 1325 4403 Hysias

215 4449 304 4512 vero,
324 4432 440 4497 locam
462 4431 633 4500 desertum
655 4443 690 4497 et
712 4432 818 4498 ruinis
839 4432 1033 4520 'squalidum
1058 4433 1118 4519 (cf.
1132 4434 1337 4501 Pausan.ll.·

215 4546 311 4636 Ἀθ)
330 4550 402 4617 loci
420 4550 591 4619 vocabulo
613 4550 851 4639 designandos,
872 4573 939 4641 qno
959 4552 1033 4621 fere
1054 4553 1250 4641 oppidorum
1273 4572 1338 4617 ru·
