3567 5559
384 1427 444 1491 191
470 1485 479 1497 .

462 552 523 620 156
921 554 1021 621 niter
1041 557 1107 622 IX.

460 739 675 824 punctionem
688 737 879 823 introduxit,
900 739 972 806 sive
993 761 1035 806 ex
1047 724 1168 826 priore
1195 742 1351 808 editione
1370 761 1433 808 sua
1449 741 1563 826 repetiit,

461 874 527 940 qua
555 870 673 922 eontra
702 856 897 924 Aristotelis
923 859 1150 924 testimoninm
1178 859 1274 927 Hist.
1299 861 1399 924 anim.
1423 859 1476 922 lV.
1497 859 1518 922 l.
1541 869 1566 921 et

462 988 579 1043 contra
605 978 711 1061 ipsius
733 976 827 1042 Plinii
850 979 1050 1043 sententiam
1078 979 1230 1062 saepiae
1261 990 1298 1043 et
1325 977 1463 1064 lolligini
1486 975 1564 1039 modo

461 1107 539 1159 octo
561 1096 659 1161 modo
683 1097 748 1161 dno
770 1096 876 1180 pedes
898 1097 1096 1164 tribuuntur.
1138 1095 1369 1160 Necessario
1391 1071 1435 1159 ibi
1457 1092 1565 1157 coniun-

461 1214 571 1298 genda
591 1223 684 1278 sunt:
704 1212 801 1299 pedes
821 1211 887 1276 duo
908 1233 951 1276 ex
971 1211 1023 1276 bis
1044 1214 1107 1297 (sc.
1131 1213 1297 1299 octonis)
1323 1210 1502 1302 longissimi.

890 1415 1145 1511 a1=au,4s.

512 1569 695 1644 Luctatur
717 1566 812 1642 enim
840 1567 1045 1670 (polypus)
1073 1569 1284 1667 complexu
1308 1577 1350 1641 et
1371 1563 1485 1641 sorbit
1503 1585 1564 1636 ace-

512 1703 645 1780 tabulis
668 1728 711 1778 ac
726 1726 925 1778 numeroso
948 1713 1058 1778 suctu
1075 1702 1152 1779 din
1172 1702 1312 1798 trabit,
1338 1728 1425 1778 cum
1444 1701 1480 1776 in
1498 1721 1564 1772 nan-

511 1843 636 1942 fragos
661 1839 898 1917 urinantesve
922 1840 1101 1940 impetum
1129 1841 1235 1941 cepit
1265 1886 1313 1897 —

547 1992 596 2056 lto
617 1991 763 2077 Silligius
787 2012 805 2055 e
826 1992 901 2056 cod.
920 1991 991 2070 11²,
1019 2011 1106 2056 voce
1126 1990 1186 2054 diu
1210 1991 1283 2056 nisi
1308 1987 1412 2056 fallor
1433 2005 1452 2050 e
1474 1997 1561 2048 corre

463 2112 573 2176 ctione
603 2121 687 2178 orte.
735 2111 869 2196 Reliqui
902 2112 986 2176 enim
1011 2111 1087 2176 libri
1107 2111 1192 2177 Mss.
1222 2113 1279 2177 sio
1302 2109 1437 2194 legunt:
1467 2097 1561 2168 R¹du

464 2230 576 2309 trabit,
597 2230 714 2314 rReg.
724 2231 749 2294 1.
763 2230 867 2297 Paris.
889 2230 1097 2315 damnabit,
1120 2231 1209 2316 quod
1228 2229 1370 2314 recepit
1385 2221 1560 2296 lietduinus,

461 2348 560 2411 Barb.
584 2346 778 2431 Dalecump.
800 2347 962 2428 detrabit,
989 2349 1038 2412 Td
1065 2349 1174 2418 trabit.
1243 2349 1505 2434 Appareteam
1524 2336 1557 2400 lt·

422 2471 428 2486 ⁸
462 2465 606 2530 ctionem
630 2484 729 2548 qnam
748 2464 892 2529 ultimam
916 2468 1264 2552 commemoravimus,
1288 2463 1429 2550 reliquis
1450 2451 1558 2544 praest·

384 3261 446 3328 194

461 2584 598 2649 rendam
612 2602 701 2648 esse.
722 2581 758 2646 ln
774 2603 815 2646 eo
837 2580 923 2645 euim
947 2582 1114 2667 exemplo,
1132 2587 1220 2650 unde
1246 2571 1555 2670 pleriquelibriblss.

463 2701 623 2786 descripti
644 2711 737 2780 sunt,
764 2710 862 2784 puto,
886 2698 1050 2762 suetudo
1072 2702 1234 2786 seriptum
1261 2714 1352 2786 erat,
1375 2697 1464 2784 quod
1484 2692 1556 2756 ditto-

461 2821 626 2908 grapbiae
647 2820 758 2884 vitium
779 2817 986 2882 recentiores
1002 2818 1137 2882 scribae
1160 2813 1552 2884 emendareccnabantur·

464 2941 540 3005 Vox
563 2950 673 3006 autem
704 2936 763 2998 din
790 2934 923 3000 vividae
948 2934 1166 3019 descriptioni
1197 2935 1407 3022 aliquantum
1436 2922 1553 2996 detrabit

461 3082 571 3149 neque
593 3059 636 3124 ad
658 3075 870 3122 numerosum
891 3065 1021 3120 suctum
1043 3065 1155 3140 aptum
1175 3055 1319 3123 videtur.

889 3239 1134 3336 98=3l,51.

512 3390 690 3468 Universi
717 3391 903 3491 (canui)
932 3390 1181 3491 aliquando
1213 3399 1497 3498 congregantur,
1517 3397 1548 3450 ⁰s

512 3525 624 3603 Ponti
639 3525 811 3602 evincere
834 3550 907 3600 non
922 3527 1055 3621 valent,
1079 3536 1319 3627 quamobrem
1337 3523 1475 3634 egressi
1495 3515 1548 3592 oir-

513 3672 687 3739 cumeunt
712 3671 940 3762 apparetque
965 3662 1094 3740 tritum
1118 3665 1203 3744 iter.

545 3814 707 3880 Aelianus
730 3814 815 3880 nist.
839 3816 937 3883 anim.
952 3818 1087 3884 vnn.
1108 3821 1141 3885 n
1164 3821 1238 3886 sinu
1259 3822 1403 3907 quonam
1426 3791 1545 3888 rnsrori

462 3935 661 4021 congregari
686 3955 831 4000 cancros
852 3936 958 4002 refert
973 3937 1083 4024 ibique
1104 3938 1254 4026 singulos
1266 3938 1402 4024 operiri,
1423 3928 1545 4017 quim·

461 4058 584 4120 trarios
608 4054 731 4120 ductus
754 4075 773 4119 e
795 4054 903 4122 Ponto
930 4059 1153 4143 irrumpentes
1178 4059 1291 4136 subire
1322 4055 1498 4144 nequeant,
1520 4037 1545 4096 el

460 4173 592 4254 agmine
620 4170 710 4237 facto
738 4172 890 4237 terrestri
918 4172 1035 4239 itinere
1063 4173 1171 4240 locum
1197 4170 1471 4260 impermeabilem
1491 4156 1542 4222 oir-

461 4287 597 4364 cnmire,
618 4307 728 4373 neque
739 4288 805 4352 hoe
818 4308 952 4372 semper
963 4287 1046 4373 fieri,
1067 4293 1214 4358 sedtum
1231 4304 1367 4374 tantum,
1388 4268 1542 4371 siquando

460 4405 690 4471 vehementius
706 4426 724 4470 e
737 4406 844 4470 Ponto
864 4405 972 4471 undae
985 4405 1018 4470 in
1031 4405 1220 4493 Bosporum
1234 4411 1398 4496 ingruant.
1429 4393 1540 4468 t'linium

461 4527 549 4592 idem
575 4541 734 4591 ramasse
765 4521 904 4607 eiusque
930 4523 1113 4590 orationem
1145 4521 1342 4597 disiunctum
1367 4539 1400 4595 et
1422 4513 1541 4588 hiulcam
