3567 5559
694 767 786 828 Liber
801 763 971 835 mm
1328 757 1388 826 245

365 967 439 1030 Duo
468 985 591 1050 genera
617 985 639 1028 a
660 963 770 1031 Selino
792 963 843 1030 20.
865 962 904 1030 13
925 961 1145 1042 nominantur,
1174 959 1331 1041 ,melleum
1359 965 1392 1024 et

264 1085 479 1166 Falernum‘,
501 1083 613 1168 itaque
635 1081 734 1146 verba
755 1082 799 1163 ,in
822 1079 948 1166 quibus‘
970 1079 1024 1144 rel.
1048 1077 1089 1144 ad
1109 1076 1259 1142 melleum
1280 1076 1391 1140 referri

266 1208 435 1288 apparet,
464 1205 510 1266 sie
533 1199 728 1265 ordinanda:
750 1211 780 1263 et
798 1206 830 1263 in
846 1203 954 1276 quibua
976 1201 1091 1261 decocti
1116 1231 1149 1242 -
1170 1201 1298 1274 placeat.
1340 1192 1391 1258 Ex

266 1319 398 1385 eodem
410 1318 512 1384 Solini
532 1319 605 1384 loeo
628 1318 680 1385 20.
702 1319 741 1384 11
763 1322 797 1382 et
820 1316 916 1381 Plinii
937 1314 1110 1379 narrationi
1133 1310 1251 1398 aliquid
1273 1309 1391 1375 addere

265 1438 374 1520 lieet,
397 1444 430 1501 et
451 1457 562 1500 rursus
586 1435 730 1500 Solinum
753 1433 886 1499 ePlinio
900 1430 1080 1498 emendare.
1104 1430 1232 1495 Seilieet
1243 1427 1390 1515 glaebam

267 1556 370 1620 illam
393 1553 476 1618 XIII
496 1554 650 1618 librarum
672 1554 702 1638 §.
723 1553 764 1622 46
787 1573 807 1616 a
829 1549 1063 1615 Germanorum
1090 1565 1167 1633 rege
1205 1545 1288 1612 dono
1315 1547 1390 1612 mis·

271 1693 353 1738 sam
387 1693 460 1737 esse
482 1672 611 1737 Solinus
646 1691 796 1735 narrasse
825 1669 951 1734 videtur
977 1667 1027 1731 his
1056 1666 1177 1731 verbis:
1221 1684 1303 1746 ,eum
1334 1684 1391 1749 per

271 1790 368 1854 idem
390 1797 518 1874 tempus
546 1786 701 1853 tredecim
722 1787 810 1851 milia
835 1786 987 1850 librarum
1014 1804 1072 1849 rex
1093 1782 1284 1849 Germaniae
1306 1778 1390 1846 dono

274 1910 311 1974 ei
333 1908 480 1989 miserit,
501 1926 584 1993 quae
605 1905 632 1968 ai
652 1911 740 1970 reete
762 1925 797 1969 se
818 1903 986 1982 haberent,
1008 1921 1105 1988 quum
1118 1919 1236 1985 parvae
1249 1919 1267 1963 e
1280 1898 1389 1964 sueino

272 2026 442 2110 imagines
463 2023 609 2088 vivorum
629 2021 794 2087 hominurn
821 2021 925 2107 pretia
948 2038 1142 2104 exsuperare
1164 2016 1308 2082 dieantur
1331 2015 1389 2102 (ef.

274 2142 363 2208 Plio.
387 2143 417 2226 S.
436 2140 510 2226 49),
543 2143 662 2206 iustam
695 2140 762 2205 iere
784 2159 947 2203 servorum
979 2138 1139 2223 legionem
1160 2136 1277 2199 donum
1312 2134 1390 2199 illud

277 2265 467 2346 aequasset.
511 2254 621 2338 Quod,
652 2259 680 2320 si
701 2279 730 2322 v.
753 2257 861 2340 ,milia‘
885 2276 926 2320 ex
946 2256 1059 2321 ultima
1088 2254 1224 2340 proximi
1246 2253 1391 2318 voeabnli

162 2434 166 2443 .
277 2379 391 2443 littera
411 2376 583 2460 repetitum
605 2394 678 2439 esse
699 2381 841 2439 statuere
852 2375 937 2456 lieet,
960 2375 1109 2459 suppleta
1129 2393 1207 2438 voee
1222 2370 1390 2458 ,glaebam‘

278 2495 324 2561 ad
336 2494 463 2561 civilem
474 2493 604 2558 modum
612 2492 783 2558 reducitur.
805 2492 903 2578 Apud
921 2485 1059 2557 Plinium
1082 2499 1189 2558 autem
1212 2491 1296 2556 huno
1319 2509 1389 2555 sen·

276 2634 352 2678 sum
375 2610 471 2693 ,dono
494 2632 514 2675 a
536 2610 728 2676 Germaniae
749 2629 826 2695 rege
848 2611 990 2676 missam‘
1020 2610 1180 2676 excidisse
1201 2608 1389 2696 putaverim,

276 2731 333 2796 eui
355 2729 559 2794 oonieoturae
580 2735 616 2792 ut
637 2729 670 2792 in
692 2729 808 2794 ueteris
831 2728 919 2793 libris
948 2727 1150 2793 damnandae
1172 2728 1205 2792 in
1226 2727 1287 2792 hoo
1308 2726 1389 2792 libro

275 2851 387 2914 loeum
410 2844 544 2910 eonoedi
573 2845 643 2930 quis
666 2851 715 2909 est
745 2846 799 2932 qui
819 2865 940 2932 negare
968 2845 1067 2910 velit?
1108 2844 1256 2932 Denique
1277 2865 1389 2910 voeem

276 2986 381 3031 oerum
404 2963 540 3048 margini
561 2962 633 3027 libri
653 2962 682 3026 Β
704 2985 724 3028 a
745 2965 965 3029 recentissima
988 2984 1100 3046 manu,
1129 2985 1147 3028 e
1169 2962 1331 3028 oodioibus
1352 2970 1390 3028 ut

276 3090 358 3170 puto
379 3080 598 3166 interpolatis,
630 3083 788 3146 immerito
810 3081 953 3147 additam
977 3103 1048 3147 esse
1078 3081 1153 3146 inde
1183 3081 1389 3167 consequitur

277 3198 369 3288 quod
390 3199 494 3284 prima
514 3198 622 3262 littera
642 3201 730 3265 voeis
744 3203 811 3264 Hoc
825 3200 947 3266 maiore
959 3199 1167 3286 amplitudine
1189 3208 1285 3286 atque
1305 3200 1389 3265 ultra

277 3323 468 3385 contextum
489 3324 637 3400 porreeta
659 3338 776 3382 novum
799 3324 897 3404 eaput
918 3319 1009 3405 sequi
1032 3317 1277 3387 demonstratur.
1371 3295 1374 3302 ⁴

542 3488 753 3573 55=4‚15.
794 3485 862 3577 (de
888 3486 1121 3581 adamante).
1407 3514 1469 3582 836

333 3660 376 3672 -
406 3616 456 3690 ita
482 3612 736 3715 appellabatur
760 3618 838 3694 auri
863 3619 987 3697 nodus
1013 3620 1048 3694 in
1077 3618 1235 3696 metallis
1262 3643 1388 3720 reper-

331 3756 391 3827 tus
418 3771 596 3849 perquam
621 3771 715 3837 raro,
741 3771 868 3826 eomes
896 3751 994 3840 euri,
1036 3775 1107 3827 nee
1132 3753 1202 3827 nisi
1234 3752 1270 3828 in
1297 3775 1386 3832 auro

331 3883 434 3958 nasei
460 3880 666 3957 videbatur.

363 4031 445 4099 Auri
471 4030 591 4095 nodum
619 4030 714 4094 Plinii
750 4032 848 4095 errori
878 4032 988 4097 tribuit
1023 4033 1076 4118 qui
1099 4053 1119 4096 a
1141 4032 1207 4098 Sill.
1237 4033 1387 4099 laudatur

279 4148 438 4216 Pindarus
461 4148 502 4212 de
525 4147 627 4212 adam.
650 4170 679 4233 p.
703 4151 753 4231 47,
786 4150 876 4214 illum
900 4155 982 4214 enim
1006 4150 1150 4215 Platonis
1172 4152 1271 4218 verba
1293 4173 1311 4217 e
1333 4151 1386 4218 Ti·

279 4287 374 4330 maao
406 4288 437 4351 p.
460 4265 501 4332 59
521 4274 644 4353 χρυσοῦ
682 4265 755 4344 ὄζος
786 4269 870 4333 male
899 4269 1143 4354 interpretatum
1178 4289 1259 4336 esse.
1301 4270 1387 4345 *Qud

279 4404 356 4448 vero
378 4383 482 4450 Plinio
505 4404 577 4448 eum
598 4384 753 4448 Timaeo?
795 4386 903 4470 Atque
926 4394 1064 4452 erratum
1099 4395 1149 4452 est
1169 4387 1256 4454 haud
1279 4387 1386 4471 dubie,

279 4520 386 4584 neque
408 4506 516 4565 tamen
540 4521 559 4564 a
581 4501 684 4565 Plinio
707 4501 766 4565 sad
789 4523 808 4566 a
829 4501 977 4570 librariis.
1021 4505 1137 4569 Verbis
1160 4506 1245 4570 enim
1266 4525 1385 4588 ,eomes

279 4619 359 4683 auri‘
394 4637 477 4703 quae
498 4618 616 4683 desunt
635 4619 718 4683 inB
747 4641 870 4706 eoquo
900 4623 995 4708 vulgo
1024 4624 1174 4706 leguntur
1201 4624 1272 4687 loeo
1303 4643 1386 4709 quae

277 4735 476 4822 praeoedunt
494 4755 640 4822 quaeque
663 4745 840 4825 sequuntur
860 4740 994 4806 moleste
1016 4746 1218 4825 repetuntur,
1255 4743 1386 4828 quaesi
