3567 5559
449 671 492 742 16
681 689 686 694 ’
727 741 734 748 ,
903 679 994 743 noer
1006 677 1096 743 XVI.

449 888 525 935 nem
555 874 589 934 nt
613 879 735 934 seratur
755 875 818 934 atta
845 870 987 955 exhibet,
1009 893 1074 958 qua
1094 873 1137 937 ad
1155 873 1314 940 infelicem
1334 875 1521 939 coniecturam

450 987 494 1069 ,ni
515 985 695 1052 insinuatur
721 987 794 1052 alia‘
824 988 890 1056 siu.
912 1009 948 1053 se
970 987 1073 1075 abripi
1103 1011 1219 1076 passus
1242 999 1300 1057 eet.
1339 991 1395 1056 Hic
1410 1009 1524 1075 quoque

449 1102 565 1167 librum
587 1122 608 1166 a
634 1101 784 1168 edhibitis
807 1103 1019 1172 Gronovienis
1042 1127 1223 1193 sequemur,
1246 1130 1265 1172 e
1286 1109 1371 1173 cuius
1390 1107 1527 1191 scriptura

449 1227 510 1286 nisi
528 1226 681 1285 normata
702 1225 816 1306 sponte
838 1223 956 1288 emicat

489 1343 556 1402 aiere
578 1337 618 1418 (i.
640 1357 668 1403 e.
689 1340 801 1424 partu)
826 1345 970 1405 naturali.

530 1453 689 1519 Mendoea
703 1455 800 1520 etiam
818 1462 965 1522 extrema
978 1456 1121 1521 eiusdem
1142 1457 1337 1544 paragraphi
1347 1457 1433 1524 verba
1446 1460 1531 1519 sunt:

498 1570 584 1649 aiibi
627 1593 704 1650 non
738 1572 810 1650 nisi
841 1573 878 1649 in
903 1579 1033 1674 tepore
1060 1574 1287 1675 proveniens
1313 1583 1349 1652 et
1373 1575 1533 1652 nutricem

497 1726 634 1804 magno
662 1715 775 1806 opere
800 1705 1007 1784 fastidiens

529 1853 594 1920 Pro
616 1857 739 1921 nutrice
751 1856 836 1920 enim
855 1855 999 1940 cupressi
1020 1874 1103 1941 quac
1124 1855 1227 1942 qualis
1249 1857 1301 1939 eit,
1323 1876 1364 1920 ne
1380 1852 1535 1921 dimnandc

450 1972 579 2059 quidem
600 1994 768 2060 assequor,
796 1994 861 2038 vox
881 1973 1041 2037 sententia
1071 1973 1233 2057 flagitatur
1255 1975 1359 2060 tepori
1383 1949 1536 2050 contraria,

450 2089 501 2155 cui
513 2092 656 2176 quumin
676 2097 809 2164 vetusto¹
826 2090 1001 2175 exemplari
1023 2089 1086 2155 duo
1108 2111 1221 2156 versus
1242 2090 1303 2156 hoc
1324 2091 1416 2156 modo
1435 2111 1467 2154 se
1488 2107 1535 2152 ex-

449 2209 592 2292 ciperent

489 2325 647 2387 nutricem
667 2345 785 2410 magno
807 2344 905 2409 opere
926 2323 1093 2390 fastidiens

489 2446 666 2505 necterrec
687 2447 812 2506 tantum
833 2447 949 2504 natura
969 2441 1055 2506 circa

435 2557 571 2654 ‘primae
612 2558 770 2624 inferioris
813 2558 960 2622 vocabuli
1003 2560 1130 2624 litterae
1174 2563 1268 2642 ,nect‘
1305 2563 1389 2626 maie
1422 2566 1538 2626 assutae

448 2698 582 2764 pravam
614 2676 843 2740 correctionem
875 2681 1094 2761 procrearunt.
1147 2676 1270 2753 Quibus
1299 2677 1434 2766 demptis
1454 2677 1537 2742 relin-

449 2796 556 2880 quitur
576 2775 694 2878 ,ricem‘
714 2796 736 2860 i.
759 2814 786 2861 e.
807 2801 911 2858 nivem

702 2952 952 3040 143=33,61
981 2953 1018 3024 et
1046 2950 1306 3038 144=34‚62.

497 3104 632 3201 Aquae
658 3099 875 3202 pierumque
908 3099 1224 3177 semineefferunt
1249 3105 1286 3175 et
1311 3104 1412 3175 certe
1436 3097 1538 3174 fluunt

496 3255 636 3331 genere
674 3231 872 3331 aliqnando
909 3233 1017 3310 etiam
1044 3231 1253 3331 incognito,
1290 3230 1394 3328 quod
1419 3223 1540 3307 accidit

497 3341 723 3462 Cyrenaicae
748 3364 906 3462 regioni,
942 3387 1025 3440 cum
1057 3363 1210 3464 primum
1243 3362 1292 3439 ibi
1319 3361 1540 3464 laserpicium

501 3501 625 3571 uatum
651 3499 725 3584 est,
752 3500 791 3569 ut
816 3493 854 3569 in
879 3493 1076 3571 herbarum
1102 3502 1232 3571 natura
1257 3495 1437 3572 dicemus.
1462 3491 1540 3570 Nata

495 3635 553 3705 est
571 3634 608 3704 et
626 3624 720 3703 silva
734 3626 816 3704 urbi
832 3627 864 3704 ei
879 3626 1047 3727 proxima
1073 3627 1187 3705 imbre
1208 3627 1321 3727 piceo
1349 3641 1539 3724 crassoque

381 3780 388 3796 '
446 3769 449 3777 '
497 3761 642 3840 circiter
667 3760 768 3838 urbis
792 3759 935 3838 Romae
961 3783 1094 3837 annum
1123 3758 1352 3838 CCCCXXX.
1405 3758 1541 3836 Hedera
1590 3857 1591 3860 Ν

496 3897 567 3972 iam
602 3894 736 3972 dicitur
770 3895 808 3970 in
834 3895 927 3971 Asia
952 3894 1073 3988 uasci3
1111 3898 1314 3992 negaverat
1338 3890 1539 3994 Theophra·

496 4033 576 4102 stus
602 4024 668 4104 rel.
1289 4027 1291 4034 ⁴

499 4155 617 4221 ‘Leve
649 4163 698 4222 eet
726 4155 880 4220 mendum
907 4155 941 4219 in
973 4156 1063 4220 initio
1085 4156 1180 4239 huius
1201 4155 1263 4220 loci
1286 4165 1315 4219 et
1335 4167 1432 4236 certe,
1470 4165 1539 4242 quat

447 4270 604 4335 vocabula
629 4273 726 4358 plane
749 4273 854 4338 otiosa
883 4278 916 4335 ct
937 4273 1074 4337 molesta
1094 4272 1181 4336 facili
1215 4273 1465 4359 transpositione
1485 4287 1538 4336 cor·

446 4387 592 4474 rigantur
612 4399 713 4451 terrae
733 4399 781 4466 et,
810 4387 938 4474 gravius
959 4388 993 4450 in
1014 4389 1169 4474 proximis
1192 4389 1300 4454 verbis
1322 4409 1427 4476 eoque
1447 4389 1537 4454 minut

448 4506 543 4569 etiam
564 4503 746 4587 ferendum,
779 4503 866 4590 quod
886 4504 1008 4568 Plinius
1029 4505 1098 4589 ipse
1120 4526 1158 4570 eo
1180 4506 1250 4571 loco
1273 4527 1368 4593 quem
1389 4527 1473 4572 nunc
1493 4503 1536 4568 de·

445 4627 604 4687 monstret
616 4620 706 4689 XIX
718 4623 770 4688 41.
791 4620 926 4690 imbrem
947 4621 1044 4687 illum·
1059 4629 1183 4709 septem
1200 4624 1291 4688 anuis
1305 4629 1380 4688 ante
1398 4622 1535 4710 oppidum
