3567 5559
690 510 876 581 Libram
1293 510 1341 581 6³

215 702 353 771 taudem
377 717 486 766 eausa
506 696 584 777 fuit,
604 703 644 763 ut
660 697 807 782 repetito
813 698 947 779 *eodem
966 695 1135 765 vocabulo
1157 699 1266 765 denuo
1288 700 1333 767 le·

214 822 378 909 gentibus
399 814 612 883 inculcaret?
654 816 872 902 Quapropter
891 836 911 881 e
931 836 1035 883 versu
1054 818 1232 901 superiore
1248 818 1335 889 mole

212 940 268 1006 bic
288 942 461 1007 insertum
481 956 561 1003 esse
587 956 630 1001 eo
653 933 879 1001 confidentius
900 936 1062 1013 arbitror,
1090 937 1247 1020 quonium
1268 959 1336 1005 uon

214 1059 339 1127 eodem
359 1057 443 1122 loco
465 1057 500 1122 iu
521 1055 675 1121 omuibus
693 1052 787 1121 libris
813 1055 958 1138 positum
976 1054 1154 1137 reperitur.
1205 1059 1336 1132 Quodsi

213 1191 331 1244 tamen
355 1176 412 1241 cui
432 1175 641 1269 retinendum
665 1170 838 1258 exaliqua
860 1182 952 1238 certe
976 1184 1073 1258 parte
1093 1174 1237 1261 videtur,
1259 1199 1335 1245 cum

213 1295 353 1363 Dicuilo
368 1292 478 1358 malim
500 1294 651 1359 scribere
670 1294 778 1379 primo
796 1288 1037 1359 inGermonia.
1068 1292 1138 1358 Sed
1153 1296 1260 1362 satius
1272 1298 1336 1364 erit

216 1416 364 1482 omnino
386 1412 502 1477 eiicere
524 1412 724 1496 praesertim
745 1412 779 1475 in
800 1421 893 1475 tanta
913 1410 999 1477 silva
1021 1430 1174 1479 errorum
1195 1434 1215 1479 e
1238 1416 1332 1483 ditto-

216 1534 367 1624 graphia
386 1543 544 1600 ortorum.
595 1529 706 1597 Veluti
720 1530 760 1597 -in
780 1529 894 1597 verbis

265 1688 331 1763 97.
361 1670 526 1789 Quidam
551 1684 644 1759 bueo
670 1683 893 1759 habitari-
910 1707 932 1759 a
947 1684 1138 1782 Sarmatis,
1153 1686 1332 1789 venedis,
1348 1692 1392 1759 84

264 1821 411 1901 Scirris
436 1819 599 1896 Hirris
621 1822 772 1897 tradunt
795 1866 847 1879 -

214 1958 412 2025 rectissime
437 1956 629 2021 narduinus
653 1957 803 2030 ‚coniecit
827 1955 967 2033 Hirrus,
996 1953 1164 2022 nationem
1192 1982 1335 2043 prorsus

214 2079 383 2163 ignotam,
405 2095 427 2139 a
447 2074 551 2142 Sciris
574 2088 699 2141 temere
722 2075 875 2161 repetitis
898 2069 1059 2159 originem
1082 2074 1231 2143 duxisse.
1264 2082 1334 2149 Ab·

214 2205 304 2263 sunt
327 2194 414 2258 euim
435 2212 455 2256 a
474 2194 559 2261 libro
573 2194 706 2280 Diouili,
727 2178 1022 2279 quemuPliniano
1045 2214 1150 2280 opere
1171 2218 1234 2266 sua
1252 2200 1332 2269 hau.

216 2315 314 2380 sisse
336 2313 508 2391 constat,
499 2335 533 2379 m
555 2311 729 2377 codicibus
751 2323 860 2377 autem
881 2314 928 2377 ita
951 2304 1161 2383 scribuntur·

167 2515 169 2522 Ι
258 2432 295 2497 R
316 2428 404 2495 Ciris
424 2430 550 2517 Hyrys,
569 2430 602 2496 A
623 2428 727 2497 Sciris
748 2430 875 2515 Himis,
899 2432 973 2499 eod
994 2432 1195 2523 Luciliburg
1217 2434 1331 2525 Scyria

161 2629 165 2642 Ι
255 2552 424 2629 liniat),
448 2548 588 2636 dCyria
609 2550 725 2637 Hyris,

213 2691 360 2760 quarum
378 2666 561 2734 lectionum
581 2667 694 2742 ultima
712 2677 780 2732 tem
800 2666 982 2733 manifesto
1000 2670 1232 2753 repetitionem
1255 2693 1331 2758 pro.

162 2773 164 2810 ³
215 2792 286 2877 (lit,
318 2798 358 2855 ut
389 2787 500 2854 nullus
535 2787 608 2853 fere
641 2786 834 2855 dubitationi
867 2785 966 2851 locus
1001 2785 1138 2857 relictus
1174 2806 1253 2852 esse
1284 2789 1332 2853 vi·

217 2912 350 2977 deatur.
392 2907 484 2973 idem
503 2905 594 2973 valet
618 2906 660 2971 de
680 2903 857 2971 vocabulis
877 2927 1017 2999 quorum
1038 2900 1164 2969 Cimbri
1181 2903 1235 2968 vel
1253 2928 1331 3001 qao·

162 3070 163 3078 ι
214 3052 296 3093 rum
316 3023 541 3113 porretani
565 3024 678 3111 §.lob
711 3043 861 3089 eversu
881 3022 1058 3106 superiore
1083 3024 1332 3110 transsumptis,

213 3145 313 3235 quod
333 3144 401 3207 ium
421 3142 463 3207 ab
480 3141 554 3209 aliis
574 3142 927 3227 animadversum-est,
949 3140 1037 3207 idem
1060 3140 1157 3207 etiam
1183 3142 1225 3208 dc
1238 3142 1331 3211 Gari·

212 3269 272 3333 nis
283 3262 463 3331 dicendum
476 3261 540 3327 erit
550 3260 815 3330 iutchaudiios
822 3261 1014 3333 nominatis.
1033 3262 1084 3329 En
1097 3260 1195 3329 Plinii
1212 3266 1329 3335 verba:

266 3421 332 3495 99.
371 3413 522 3494 Vandili
544 3439 701 3515 quorum
728 3441 816 3516 pars
849 3416 1154 3518 Burgundiones,
1186 3414 1328 3515 Varini,
1345 3442 1389 3509 85

265 3552 450 3648 (larini,
478 3550 662 3635 Gutum·
778 3607 783 3620 ·

297 3690 453 3757 Varinos
473 3686 611 3753 'l'aoitus
634 3688 745 3756 Germ,
764 3686 818 3755 to.
843 3698 1102 3769 commemorat,
1131 3692 1269 3757 eosdem
1295 3708 1339 3759 et·

215 3808 364 3893 reliquos
383 3817 522 3893 praeter
544 3805 688 3877 canum
707 3824 826 3873 omnes
847 3800 1060 3871 Ptolemaeus
1081 3808 1134 3872 lll.
1144 3808 1175 3873 5.
1186 3808 1241 3871 ab:
1266 3808 1330 3873 Ga·

213 3926 283 3992 riui
299 3945 462 4011 nusquam
480 3926 705 3991 inveniuntur.
729 3918 840 3989 Libri
861 3922 1015 3989 blesim
1036 3924 1187 3989 variante

257 4044 294 4109 A
307 4042 460 4109 Varum
473 4042 626 4124 claret,
641 4045 663 4108 d
676 4043 832 4109 Varium
843 4039 973 4127 curtat,
989 4040 1022 4108 R
1038 4040 1166 4107 Van-tae
1178 4038 1332 4133 Charini,

254 4162 399 4229 Lucilib.
418 4162 549 4229 Variae
571 4161 699 4230 curtat
1192 4192 1205 4210 ν

280 4430 449 4499 )cf.w
449 4415 562 4485 ιῖιιίι
543 4416 1148 4500 mitulpatrqtscoo
1112 4450 1202 4486 stulto
1203 4434 1283 4488 otllce
1299 4438 1327 4485 et

214 4518 894 4575 amamus-utrm
1201 4543 1261 4567 .·
1340 4555 1344 4563 .
