3567 5559
428 780 564 847 additae
589 788 725 859 essent,
750 780 783 843 in
809 778 917 864 ipsam
942 778 1038 845 Plinii
1070 779 1254 872 orationem
1282 778 1444 863 paulatim
1464 762 1546 841 irre·

429 908 586 985 pserunt,
604 918 691 983 opus
714 896 941 973 difficillimum
963 909 1248 983 corrumperetur.
1292 899 1342 965 ltu
1363 898 1393 984 ᾗ
1412 895 1548 980 &post

428 1020 535 1085 verba
553 1017 703 1086 Lucilius
723 1016 783 1110 qui
800 1018 927 1103 prieurs
948 1017 1096 1085 coadidit
1114 1016 1183 1097 stili
1200 1038 1317 1081 numm
1338 1018 1371 1083 iu
1392 1016 1548 1081 omnibus

429 1134 520 1203 libris
541 1136 646 1220 Mss,
667 1155 807 1221 quorum
828 1133 990 1201 lectiones
1013 1137 1160 1221 Silligius
1185 1135 1381 1224 exscripsit,
1399 1136 1549 1220 ineptum

430 1255 562 1319 additur
575 1255 922 1339 interpretamentum:
942 1256 1062 1339 „quasi
1076 1255 1271 1321 abusionem
1289 1267 1322 1320 et
1333 1253 1550 1341 vituperatio·

429 1393 524 1449 nem3
549 1373 676 1459 primus
703 1372 789 1438 enim
811 1372 985 1436 satiricum
1010 1392 1146 1437 carmen
1171 1374 1394 1459 conseripsit,
1422 1374 1455 1439 in
1481 1394 1549 1461 quo

428 1492 542 1579 ntique
564 1492 763 1577 vituperatio
779 1490 1043 1576 uniuscuiusque
1067 1492 1267 1562 continetur.
1295 1492 1422 1556 Nasum
1439 1489 1550 1557 autem

431 1612 523 1688 dixit,
545 1610 910 1699 quodvituperationis
932 1611 1062 1696 signum
1084 1610 1140 1677 vel
1167 1613 1308 1677 maxime
1331 1631 1416 1676 naso
1440 1608 1551 1675 decla·

430 1729 604 1797 rancum.
635 1730 720 1795 nem
740 1730 771 1817 q.
786 1728 833 1793 10.
855 1730 899 1791 ao
921 1711 1025 1793 veroa
1046 1729 1158 1817 ronta
1182 1730 1264 1793 aaa
1283 1752 1446 1794 summm
1462 1730 1551 1825 qua-

431 1869 495 1946 que
517 1867 637 1911 causae
657 1870 738 1911 suae
760 1846 902 1911 iudicem
922 1842 1005 1935 fucit
1025 1870 1268 1945 quemcunque,
1290 1869 1364 1927 eum
1380 1845 1469 1937 alipio
1489 1849 1550 1913 ad·

430 1967 602 2032 scribitur:
626 1968 737 2053 „unde
748 1968 946 2053 provocatio
958 1966 1181 2055 appellatur.“
1210 1965 1444 2043 Similiterhio
1467 1988 1550 2053 quo-

432 2106 498 2172 qne
524 2108 644 2152 vocem
676 2085 892 2177 litiqatorrbus
921 2088 1036 2152 verbis
1067 2089 1099 2151 in
1132 2084 1396 2171 interrogatione
1429 2085 1550 2169 positis

430 2202 555 2268 bomini
577 2184 762 2269 semidocto
787 2202 958 2285 explicare
979 2202 1081 2295 libuit,
1104 2206 1222 2289 quibus
1245 2205 1362 2269 eiectis
1377 2186 1472 2269 suam
1487 2202 1551 2269 Pli-

430 2318 487 2384 nio
516 2317 717 2405 elegantiam
748 2320 961 2384 restituimus.
981 2354 984 2361 ι
1005 2320 1110 2385 Nam
1141 2342 1183 2383 ne
1215 2322 1290 2408 quis
1319 2300 1550 2402 interrogandi

340 2416 345 2432 ¹
431 2437 644 2504 vivacitatem
667 2458 688 2502 a
711 2436 928 2525 grammatico
956 2436 1099 2499 alienam
1131 2456 1210 2501 esse
1232 2435 1371 2519 iudicet,
1398 2434 1547 2499 Pseudo-

431 2555 616 2622 Asconium
638 2555 823 2623 contulisse
847 2553 1005 2634 sufficiat,
1028 2555 1083 2641 qui
1104 2555 1148 2619 ad
1170 2538 1315 2655 Verrsl5
1336 2555 1366 2619 2.
1383 2554 1413 2619 5.
1435 2554 1548 2641 „Quid

432 2682 502 2751 est,
525 2675 644 2761 inquit,
665 2696 759 2740 reum
782 2674 855 2739 fieri
879 2674 943 2739 nisi
966 2675 1056 2761 apud
1078 2684 1266 2760 praetorem
1289 2674 1420 2764 legibus
1443 2676 1549 2740 inter-

387 2792 597 2886 24rogori‘t“
639 2794 729 2861 idem
761 2770 911 2861 fortasse
942 2798 1033 2860 valet
1062 2795 1103 2859 de
1134 2792 1164 2881 §.
1190 2792 1240 2857 ll.
1271 2794 1327 2858 ubi
1352 2794 1385 2859 in
1411 2792 1549 2878 vulgata

432 2910 616 2996 scriptura:
930 2908 933 2913 ’
1492 2904 1494 2914 '

483 3065 627 3171 Verum
654 3067 712 3141 dis
745 3070 841 3143 lacte
873 3068 1005 3143 rustici
1040 3066 1330 3170 [multaeque
1360 3068 1547 3173 gentes]

484 3202 751 3300 supplicant
778 3203 928 3276 otmola
947 3212 1088 3275 tanturn
1108 3202 1204 3274 salta
1226 3202 1364 3277 litant
1384 3205 1448 3301 qui
1473 3230 1549 3279 non
1598 3275 1600 3281 .

483 3335 620 3411 babent
644 3346 740 3411 tura.

433 3489 572 3555 verbnm
592 3488 776 3577 supplicant
794 3507 816 3552 a
836 3488 930 3552 libris
946 3484 1034 3553 Mss.
1056 3497 1193 3571 praeter
1210 3486 1417 3572 Progensem
1440 3490 1549 3576 abest,

433 3608 533 3675 lanus
556 3609 588 3673 in
613 3610 718 3675 diurn.
737 3609 841 3692 antiq.
856 3605 949 3670 1849.
972 3628 1005 3689 p·
1020 3604 1093 3671 454.
1120 3608 1179 3699 qui
1203 3617 1300 3673 acute
1322 3610 1355 3673 in
1377 3610 1456 3703 quio
1479 3627 1548 3675 mu.

433 3730 532 3808 tavit,
559 3730 639 3795 mihi
665 3727 780 3814 potius,
799 3724 1031 3819 multaeque
1057 3734 1195 3813 qentes
1224 3748 1266 3793 ex
1290 3725 1547 3813 interpolatione
1604 3774 1609 3785 ·

434 3860 543 3915 ortum
563 3850 715 3924 videtum¹
740 3847 827 3913 sicut
852 3842 1048 3912 alterutrum
1070 3846 1207 3909 verbum
1229 3866 1248 3911 e
1271 3843 1364 3913 varia
1387 3847 1545 3917 lectione.

435 3960 593 4047 Plerique
621 3965 709 4033 enim
737 3967 873 4034 codices
904 3976 1078 4050 utrumque
1107 3968 1275 4045 omittunt,
1309 3969 1451 4051 priuse
1479 3991 1547 4037 roe·

435 4078 573 4149 lioribus
595 4086 634 4171 d,
654 4085 824 4171 posterius
839 4084 1032 4171 Pragonsis.
1062 4084 1199 4154 Scilicet
1216 4086 1248 4150 in
1270 4086 1421 4171 margine
1433 4086 1550 4156 arche-

390 4275 414 4305 θ
436 4204 507 4287 typi
528 4205 732 4291 adscriptum
751 4204 856 4273 fuisse
878 4203 1010 4270 videtur
1036 4224 1219 4269 smrnronnr
1241 4228 1297 4269 sev
1318 4226 1443 4271 urrann.

395 4341 418 4406 5
509 4348 639 4414 Eodem
651 4352 751 4416 m'odo
768 4337 974 4436 §l8.verba
990 4340 1050 4445 [id
1068 4349 1139 4415 est
1161 4338 1433 4443 nocturnis]‚
1458 4342 1549 4434 quae

435 4467 468 4533 in
489 4467 590 4533 codd.
611 4466 762 4534 Murbac.
790 4479 824 4532 et
845 4469 1001 4535 Ambros
1025 4468 1048 4533 l.
1069 4467 1105 4531 ll.
1131 4467 1268 4551 desunt,
1300 4465 1443 4535 delenda
1467 4488 1549 4534 esse

435 4605 570 4653 conseo.
603 4587 702 4662 Quod
721 4588 812 4653 enim
827 4606 846 4653 e
859 4588 1012 4671 proximo
1035 4586 1217 4663 enuntiato.
1225 4584 1344 4665 elucet,
1359 4586 1547 4652 subseciva
