3567 5559
686 722 925 784 uooelxrr.
1296 717 1357 785 2⁸21

235 919 386 983 cunibus
419 917 613 1001 reliquisque
644 915 836 978 animalibus
866 913 1013 976 truditur.
1065 915 1213 1000 βλαβερὰ
1244 915 1308 998 γὰρ
1343 910 1359 998 ἦ

236 1035 435 1121 ἀποφορὰ,
456 1034 559 1118 iuquit
579 1032 787 1096 Dioscorides
807 1053 852 1094 sc.
874 1038 934 1097 τοῦ
957 1030 1136 1113 μολίβδου.

658 1156 730 1228 168
752 1150 954 1225 :ibidem
1325 1223 1328 1230 ,
1378 1145 1437 1212 ‘ibl

296 1330 349 1339 --
379 1307 462 1359 cum
489 1305 532 1358 se
557 1282 640 1381 ipso
665 1282 853 1356 teritorio
879 1283 1060 1358 mortariis
1087 1280 1269 1382 plumbeis
1296 1281 1359 1356 ad-

299 1417 379 1490 dita
404 1438 500 1514 aqua
526 1413 677 1491 caelesti
704 1415 827 1490 donec
856 1422 1066 1491 crassescat

239 1570 292 1612 sc.
318 1569 384 1611 nou
407 1547 570 1632 plumbum
594 1545 652 1610 sed
674 1568 774 1632 uque,
805 1545 867 1622 ἕως
887 1547 931 1611 ἂν
951 1551 1102 1636 pelusii
1130 1547 1168 1612 τὰ
1192 1543 1280 1635 ὕδωρ
1303 1552 1358 1612 καὶ

239 1671 385 1750 γένηται
418 1663 575 1741 ἰλυῶδες,
608 1665 716 1728 Diosc.
752 1667 796 1727 uit
826 1665 863 1727 V.
885 1665 935 1730 95.
979 1665 1092 1750 Itaque
1129 1685 1212 1749 poue
1248 1685 1357 1728 roceru

241 1783 377 1865 ‚doneo‘
401 1781 573 1846 inserenda
595 1789 644 1845 esi
664 1803 711 1844 eu.

662 1900 944 1976 luu=ibtdem
1379 1901 1441 1968 762

302 2031 461 2125 Quidum
486 2033 522 2106 iu
549 2031 697 2131 lapideo
724 2034 897 2109 mortario
929 2042 966 2109 et
991 2033 1149 2110 maxime
1170 2033 1357 2112 Thebaico

298 2164 513 2265 plumbeum
542 2163 718 2265 pistillum
744 2171 865 2241 terere
892 2164 1042 2242 malunt.
1121 2175 1129 2189 ‘

249 2313 259 2328 ·
333 2303 472 2376 plumbeo
497 2304 639 2377 pistillum
667 2297 697 2360 R
725 2304 862 2378 plumbeo
889 2275 1002 2378 pistillo
1026 2298 1046 2361 d
1068 2306 1100 2364 et
1121 2287 1230 2384 vulgos
1264 2299 1295 2366 ol
1322 2300 1359 2364 δὲ

246 2415 408 2502 καθαρὸν
434 2415 601 2497 μόλυβδον
634 2413 826 2511 ῥινήσανιες
862 2424 1034 2502 τρίβουσιν
1062 2413 1099 2483 ἕν
1131 2419 1242 2508 λιθίνῃ
1275 2423 1358 2506 dulps

245 2533 383 2598 δοίδυκι
418 2534 536 2620 λιθίνῳ
569 2532 775 2613 Dioscorides
803 2532 822 2595 l.
854 2533 874 2595 l.
920 2534 1030 2621 ltaque
1061 2534 1264 2600 scribendum
1295 2543 1358 2600 est:

240 2655 414 2732 plumbum
433 2656 573 2730 pistillo,

661 2771 726 2842 trt
756 2791 796 2821 =
826 2771 943 2858 lust.
1381 2793 1442 2860 763

301 2901 435 2978 Seoria
460 2946 505 2958 -
534 2899 743 3000 plumbi-
771 2903 908 3001 optimu
928 2925 1022 3001 quae
1050 2904 1205 2988 maxime
1232 2906 1278 2980 cd
1305 2901 1361 2982 lu-

301 3046 402 3112 teum
428 3034 591 3112 colorem
617 3035 783 3124 accedit,
822 3035 903 3112 siue
931 3035 1070 3136 plumbi
1109 3035 1272 3137 reliquiis
1299 3047 1361 3116 aul

301 3166 492 3268 sulphuris
516 3168 643 3267 specie
670 3174 706 3242 et
731 3174 828 3244 terra
843 3191 986 3246 carens,

335 3303 411 3366 Duo
444 3321 564 3387 genera
601 3300 693 3364 simul
728 3301 849 3385 optimu
871 3321 943 3366 esse
973 3312 1154 3390 nequeunt,
1188 3325 1292 3392 neque
1328 3305 1360 3370 iu

250 3421 399 3507 proximo
419 3439 516 3485 sensu
530 3424 606 3482 boec
628 3418 689 3482 uisi
711 3439 776 3481 unc
802 3419 979 3506 eademque
1002 3428 1060 3490 est.
1083 3421 1218 3487 Accedit
1240 3392 1362 3508 quodu

250 3537 443 3601 Dioscuridu
473 3558 598 3623 quoque
626 3537 664 3602 V.
687 3537 728 3603 97
754 3537 834 3601 haec
855 3537 959 3622 μηδὲν
989 3536 1115 3622 ἔχουσα
1138 3541 1361 3622 μοίυβδῶδες,

250 3655 461 3742 μηίινοειίὴς
487 3663 533 3744 τῷ
563 3656 711 3743 χρώματι
743 3655 812 3718 sola
838 3654 996 3721 laudatur.
1041 3659 1153 3743 ltaque
1182 3657 1279 3722 verbu
1309 3668 1362 3720 aut

250 3778 408 3854 sulphuris
428 3781 556 3852 speciem
569 3773 761 3849 (accusativi
784 3774 868 3835 euim
890 3773 1073 3838 terminatio
1095 3773 1294 3839 intercidisse
1317 3774 1361 3838 vi·

252 3891 366 3975 detur)
391 3912 475 3975 pone
495 3913 525 3957 r.
548 3898 677 3954 colorem
700 3893 897 3970 inseruntur,
923 3891 943 3958 i.
968 3911 996 3956 e.
1020 3899 1094 3954 unte
1113 3911 1211 3954 unum
1234 3909 1360 3956 versum

250 4009 366 4074 XXVI
387 4011 582 4090 litterarum,
614 4009 667 4093 qui
698 4009 823 4072 scribae
848 4008 1055 4073 festinatione
1085 4027 1170 4074 nune
1198 4009 1362 4096 praecedit

252 4149 294 4193 ea
313 4148 398 4213 quae
421 4128 513 4212 sequi
534 4093 684 4190 debebat.

675 4297 797 4372 urm
819 4240 946 4372 rrrts

294 4452 334 4514 Iu
355 4449 418 4514 hoc
439 4469 567 4534 quoque
587 4448 686 4528 libro,
711 4449 802 4510 cuius
823 4445 999 4532 §inl—28,
1021 4449 1176 4530 statui,
1202 4449 1363 4516 tut-tul

252 4572 286 4633 iu
319 4568 571 4633 chrestomuthic
598 4564 765 4646 illustravi,
791 4564 907 4630 accidit
929 4563 1006 4630 milri
1027 4574 1063 4628 ut
1084 4563 1253 4630 uouuullou
1275 4565 1364 4630 locos

253 4685 441 4773 imprudens
461 4687 545 4751 icles
563 4685 650 4770 lypis
676 4682 903 4768 exprimendos
925 4682 1175 4748 transmitterem
1196 4681 1309 4770 quatu
1330 4683 1362 4748 iu
