3567 5559
352 750 412 816 124

427 557 472 626 at
890 553 992 622 Liber
1014 555 1076 624 Vr.

856 741 908 817 aa
921 777 957 810 =
970 741 1018 818 23
1045 741 1107 820 25.

479 867 591 952 Haeo
612 876 717 977 regio
740 888 800 953 est
819 901 870 954 ex
896 799 1053 955 eduardo
1079 876 1376 970 Bactrianorum,
1404 875 1542 954 deinde

481 1012 586 1090 euius
613 1014 789 1114 oppidum
809 1013 1039 1092 Alexandria
1065 1039 1087 1090 a
1107 1014 1300 1091 conditore
1320 1013 1472 1089 dictum.

517 1195 628 1261 Docte
650 1195 694 1260 de
715 1205 859 1281 quatuor
887 1195 1045 1282 satrapiis
1073 1215 1160 1280 quae
1184 1195 1252 1261 hoe
1277 1195 1388 1282 capite
1413 1194 1543 1260 deseri-

430 1316 564 1394 buntur,
592 1313 660 1399 egit
684 1310 870 1378 Salmasius
895 1335 929 1398 p.
942 1311 1025 1376 1174
1040 1332 1116 1398 sqq.
1135 1312 1190 1399 cll.
1207 1335 1241 1398 p.
1259 1311 1335 1394 794,
1357 1311 1541 1397 Aliamque

430 1452 508 1534 curn
535 1429 661 1496 Ariana
691 1448 712 1494 a
737 1428 843 1495 Plinio
878 1428 1037 1496 confundi
1070 1427 1259 1497 luculenter
1288 1430 1540 1498 demonstravit.

430 1550 483 1616 Ac
505 1558 623 1614 nostro
642 1548 773 1633 quidem
794 1546 872 1613 loco
887 1549 1056 1616 excidisse
1074 1569 1196 1614 nomen
1210 1548 1313 1618 Ariae
1326 1549 1419 1629 vidit,
1440 1569 1540 1634 quum

387 1760 391 1768 ἱ
429 1677 464 1732 et
484 1685 672 1753 pronomen
693 1666 869 1734 relativum
891 1688 961 1734 non
982 1664 1107 1732 habeat
1122 1667 1176 1734 eui
1188 1667 1397 1752 respondeat
1412 1677 1445 1732 et
1460 1665 1540 1732 Ale-
1621 1667 1622 1680 ¹

352 3714 414 3778 tao

429 1785 571 1851 xandn'a
597 1785 640 1848 ad
666 1784 866 1868 Cartanam,
894 1807 994 1873 quam
1019 1785 1165 1852 ultimam
1187 1786 1314 1853 Plinius
1342 1805 1540 1852 commemo·
1621 1789 1622 1858 ἶ

430 1914 580 1981 caverat,
603 1923 673 1968 non
695 1903 873 1991 pertineat.
908 1902 1046 1970 Leniori
1067 1915 1178 1970 autem
1199 1904 1347 1970 remedio
1374 1900 1453 1969 loco
1474 1921 1540 1968 me·
1621 1937 1622 1940 ¹

432 2024 504 2088 deri
529 2032 665 2108 poterat
691 2042 790 2108 quam
818 2045 884 2111 quo
907 2045 991 2090 usus
1019 2034 1083 2090 est.
1113 2023 1222 2090 Scribi
1247 2021 1335 2090 vult:
1360 2040 1403 2084 ex
1425 2021 1539 2084 adoer-

430 2163 504 2206 sum
522 2139 733 2222 Bactrianos,
754 2142 839 2205 Aria
859 2141 987 2208 deinde.
1032 2139 1138 2206 Multo
1160 2161 1241 2206 veno
1262 2136 1393 2204 facilior
1416 2138 1480 2202 erit
1500 2157 1540 2202 ea

432 2260 629 2349 coniectura
664 2279 731 2343 qua
757 2278 844 2325 voce
878 2259 1196 2340 „Bactrianoruffl
1226 2255 1366 2321 similem
1395 2278 1539 2342 prorsus

432 2377 692 2459 „A1ianorum“
725 2376 921 2460 absorptam
954 2395 1035 2442 esse
1065 2374 1252 2442 statuimus.
1306 2374 1401 2448 Quae
1426 2374 1455 2439 si
1484 2375 1541 2440 ad·

432 2494 582 2576 mittitur,
606 2493 693 2557 haec
714 2490 787 2556 iere
811 2491 937 2559 Plinius
959 2493 1141 2578 scripsisse
1164 2494 1333 2580 putandus
1355 2502 1423 2558 esta

474 2613 572 2677 Haec
590 2611 678 2701 sepio
696 2619 744 2674 eat
774 2632 819 2674 ex
839 2609 978 2675 adverso
998 2608 1276 2694 Bactrianorum
1301 2609 1542 2675 Arionorum

476 2720 596 2787 deinde
615 2720 709 2784 manas
729 2718 792 2785 rel.

513 2837 620 2905 Paulo
645 2838 732 2904 infra
763 2835 922 2926 oppidum
954 2834 1171 2902 Artacabene
1203 2837 1291 2901 idem
1325 2856 1406 2902 esse
1439 2847 1541 2922 atque

432 2960 652 3027 Artacoanna
671 2959 760 3044 quod
781 2956 881 3023 modo
907 2957 1151 3037 nominaverat,
1176 2953 1386 3021 manifestum
1407 2965 1477 3021 est:
1511 2955 1542 3020 in

432 3079 589 3144 mutando
602 3089 713 3140 tamen
731 3077 863 3143 nomine
884 3078 1040 3143 cautione
1063 3096 1149 3164 opus
1172 3075 1245 3153 erit,
1274 3095 1373 3160 quum
1393 3071 1542 3140 fortasse

431 3215 476 3259 ex
501 3193 567 3260 alio
590 3203 730 3259 auctore
746 3193 915 3259 diversam
927 3194 1079 3276 formam,
1101 3195 1134 3257 in
1161 3215 1229 3280 qua
1253 3213 1459 3279 magnopere
1483 3214 1542 3260 va-

431 3313 517 3376 riant
539 3321 694 3390 veteres,
722 3312 907 3396 acceperit.
959 3311 1115 3376 Proxime
1143 3309 1186 3373 ad
1205 3307 1423 3395 'Apraandam
1445 3311 1543 3376 sicuti

431 3432 474 3495 ab
496 3426 625 3494 isidoro
644 3427 743 3492 Char.
757 3451 791 3513 p.
804 3427 836 3493 8.
864 3425 1067 3514 appellatur,
1091 3427 1240 3503 accedit3
1268 3447 1373 3514 quare
1399 3427 1544 3498 litteram

429 3547 459 3614 B
487 3568 548 3634 pro
573 3543 605 3609 V
633 3543 778 3632 positam
805 3565 886 3612 esse
913 3547 1110 3632 putaverim.

862 3707 913 3783 96
928 3742 963 3773 =
980 3706 1042 3802 23,
1056 3707 1120 3781 26.

546 3845 712 3924 indicare
730 3843 913 3940 convenit,
928 3867 1023 3944 quae
1034 3844 1159 3944 prodit
1174 3839 1409 3920 Onesicritus
1424 3843 1544 3918 classe

481 3983 683 4063 Alexandri
715 3983 985 4060 circumvectus
1014 3981 1051 4056 in
1081 3981 1351 4057 mediterranea
1373 3978 1544 4054 Persidis

482 4143 530 4193 ex
556 4119 682 4211 India,
713 4130 860 4193 narrata
895 4119 1064 4218 proxime
1099 4118 1256 4211 aluba,
1294 4113 1428 4190 deinde
1462 4141 1543 4190 eam

480 4249 768 4350 navigationem,
803 4277 897 4353 quae
929 4252 986 4327 his
1018 4253 1121 4328 annis
1156 4262 1345 4353 comperta
1373 4264 1545 4328 seruatur

480 4385 604 4463 hodia.
632 4387 833 4464 onesicriti
856 4400 895 4464 et
910 4387 1072 4464 Nearchi
1098 4383 1280 4488 navigatio
1305 4413 1374 4464 nac
1395 4389 1546 4465 nomina

479 4525 591 4602 habet
603 4523 830 4600 mansionum
845 4547 916 4604 neo
931 4524 1063 4625 spatia,
1081 4523 1315 4625 primumque
1337 4524 1375 4602 X
1379 4526 1542 4624 ylana-
