3567 5559
659 557 913 630 autenm.
1299 559 1344 626 85

222 745 332 814 Asiae
353 753 608 829 comme-oret,
626 746 681 830 qui
700 767 808 832 usqne
828 746 872 811 ad
887 745 985 810 Ponti
994 743 1115 812 Euxini
1134 745 1252 813 fauces
1274 767 1341 815 me-

221 874 361 930 moratu
381 863 474 950 digni
494 883 573 930 esse
593 863 778 930 videantur.
823 864 935 928 Probe
957 873 1068 928 antem
1088 866 1264 931 tenendum
1289 878 1343 932 est

220 984 303 1051 litus
325 983 517 1049 Asiaticum
549 983 592 1048 ab
619 1003 661 1047 eo
683 983 768 1066 legi,
799 983 957 1067 Europae
980 1001 1072 1047 oram
1094 994 1195 1049 antea
1216 985 1274 1050 tv.
1289 985 1342 1052 46.

222 1111 259 1166 et
280 1100 334 1164 75.
362 1110 555 1166 enarratam
582 1120 672 1169 esse.
731 1100 842 1166 Recte
870 1100 979 1165 omnia
1007 1103 1213 1186 procedunto
1239 1105 1343 1170 nomi·

220 1231 350 1286 uantur
372 1217 583 1303 Chalcedon,
605 1218 839 1305 Chrysopolis,
857 1217 1043 1304 Nicopolis,
1064 1234 1183 1306 portus
1205 1223 1341 1310 Amyci,

222 1337 438 1404 Naulochum
465 1350 499 1404 et
524 1338 672 1404 ultimum
694 1337 852 1424 templum
874 1338 1036 1424 Neptuni,
1064 1362 1162 1427 quem
1191 1341 1340 1430 plerique

223 1459 348 1522 lovem
375 1455 487 1520 Urium
521 1457 652 1536 dixere,
686 1456 895 1522 Timostbeui
921 1469 1031 1524 autem
1071 1462 1172 1544 (nam
1198 1462 1229 1525 ei
1257 1482 1340 1546 prae

225 1575 355 1642 ceteris
376 1575 560 1638 obsecutus
582 1583 635 1640 est
656 1575 805 1661 Plinius)
832 1575 1022 1660 Neptunum
1044 1578 1216 1664 appellare
1238 1579 1340 1664 licuit,

226 1692 387 1780 qnoniam
402 1702 545 1778 utraque
560 1693 613 1758 dei
634 1695 781 1777 species,
802 1702 837 1757 et
851 1713 893 1758 ea
909 1714 1007 1780 quam
1024 1707 1134 1761 mente
1154 1717 1196 1761 uc
1209 1698 1339 1763 ratione

224 1823 459 1897 conceperant
468 1823 602 1878 veteres
615 1820 759 1897 utquam
773 1812 854 1877 artis
865 1815 1086 1879 monumentis
1098 1816 1340 1899 exprimebant,

223 1932 374 2018 Neptuni
402 1928 566 1995 simillima
592 1929 699 1996 fuisse
720 1931 870 2017 putanda
897 1940 961 1997 est.
1015 1932 1081 2006 Qui
1101 1953 1184 1998 vero
1210 1934 1341 2000 medius

222 2053 311 2116 inter
324 2048 538 2114 Naulochum
560 2060 593 2114 et
610 2048 767 2134 templum
778 2049 924 2133 Neptuni
947 2063 1227 2116 commemoratur
1245 2050 1341 2118 locus

223 2192 269 2235 an
290 2169 365 2234 huc
385 2170 516 2234 omuino
538 2169 720 2252 pertineat,
748 2168 911 2232 incertum
937 2178 1002 2235 est.
1046 2167 1240 2240 Deamnon
1261 2171 1342 2236 indi·

226 2289 306 2354 cari
330 2308 373 2352 ex
392 2287 463 2372 ipsa
481 2296 653 2352 structura
675 2287 853 2350 verborum
877 2297 1035 2372 apparet3
1057 2288 1167 2353 locum
1189 2289 1218 2354 si
1239 2309 1340 2375 quae·

154 2378 156 2438 Ξ
223 2409 345 2487 rimus,
365 2407 630 2492 interpunctione
649 2406 763 2491 utique
785 2426 806 2469 a
830 2402 953 2489 templo
978 2406 1262 2493 distinguendum,
1289 2409 1341 2473 in-

224 2526 401 2591 veniemus
416 2525 548 2612 quidem
565 2525 657 2608 apud
671 2523 844 2608 Polybium
858 2523 916 2589 lV.
927 2523 980 2594 33.
1000 2523 1039 2591 roi
1056 2523 1124 2612 περὶ
1144 2523 1341 2604 νὰςἚσπάς

153 2648 157 2740 J
224 2637 319 2728 ἄκρα
345 2641 536 2728 wainburna
562 2643 615 2724 τῆξ
640 2642 805 2728 Εὐρώπης,
841 2642 905 2706 sed
935 2652 968 2707 et
991 2644 1024 2705 in
1050 2642 1161 2707 aliena
1188 2644 1340 2726 regione,

154 2748 156 2773 ³
224 2761 409 2827 Thraciam
430 2762 524 2841 dico,
545 2773 593 2842 et,
615 2762 704 2848 quod
726 2739 831 2826 maius
853 2771 917 2839 est,
942 2760 1071 2825 etiamsi
1093 2762 1264 2826 concedas
1286 2760 1341 2826 fe-

225 2878 410 2945 stinantiae
443 2883 619 2967 scriptoris
651 2901 801 2947 errorem
834 2878 1070 2963 gravissimum
1103 2889 1139 2942 ut
1170 2879 1341 2962 Europam

226 3021 305 3066 curn
315 3000 402 3064 Asia
420 3010 632 3084 permutasse
654 2999 821 3075 videatur,
844 3016 888 3060 ne
906 2996 940 3058 in
964 2996 1040 3079 ipsa
1060 2997 1191 3081 quidem
1203 2997 1342 3081 Europa

224 3120 310 3185 loco
329 3119 498 3184 Naulochi.
521 3121 662 3184 viciniae
687 3127 781 3200 apto.
832 3111 993 3200 Polybius
1015 3115 1101 3179 enim
1130 3115 1183 3200 qui
1206 3117 1340 3181 inverso

227 3239 352 3305 ordine
365 3240 504 3304 aPonto
527 3237 673 3322 Bospori
694 3255 827 3301 cursum
851 3233 1043 3300 describere
1060 3235 1183 3319 coepit,
1203 3232 1341 3300 Hestias

226 3359 319 3426 infra
342 3357 544 3422 Hermaeum
579 3366 613 3422 et
642 3376 686 3420 ex
717 3355 863 3419 adverso
895 3351 967 3418 fere
1001 3354 1094 3420 urbis
1122 3352 1340 3440 Chrysopolis

227 3477 419 3546 collocavit
467 3476 545 3540 Non
568 3475 643 3539 dico
667 3472 740 3537 lieri
761 3493 828 3536 non
847 3473 1001 3556 potuisse
1027 3484 1064 3537 ut
1088 3473 1214 3538 Plinius
1242 3471 1341 3538 talem

227 3619 383 3666 errorem
402 3594 638 3677 committeret:
659 3592 720 3657 sed
739 3612 836 3676 quum
856 3589 948 3655 facili
972 3593 1166 3658 coniectura
1180 3592 1342 3658 molestas

227 3717 304 3782 illas
326 3715 464 3781 Hestias
487 3715 626 3798 abigere
644 3713 760 3794 liceat,
784 3732 988 3796 magnopere
1011 3731 1063 3774 me
1086 3710 1128 3774 ad
1153 3731 1225 3775 eam
1248 3709 1343 3774 incli-

227 3856 315 3901 nare
335 3833 458 3900 fateor.
502 3831 624 3906 Quidni
642 3830 728 3895 enim
751 3831 937 3895 scribetur:

275 3952 354 4016 dein
368 3948 584 4020 Naulochum
595 3948 852 4038 proncontorirtm
873 3955 934 4010 est
952 3967 996 4008 ac
1018 3943 1170 4030 templum
1185 3941 1346 4027 Neptuni.

671 4116 821 4205 mna
840 4115 905 4203 m.

701 4269 877 4365 2:1,1.

280 4424 329 4500 ad
368 4422 565 4522 Bosporos
604 4422 698 4498 duos
737 4423 796 4499 vel
841 4423 960 4496 bubus
999 4420 1145 4498 meabili
1177 4418 1345 4509 transitu,

283 4558 437 4664 [unde
464 4585 624 4636 nomen
650 4555 892 4660 ambobus]
925 4533 994 4632 rel*

1364 4287 1426 4352 114
