3567 5559
437 743 460 810 s
555 822 560 846 Ι
606 819 613 832 ,
890 743 981 805 usos
1001 745 1092 807 rrr.

437 937 532 1020 letm,
548 957 621 1002 cum
633 935 828 1001 scribemus:
850 941 945 1000 odore
962 942 1138 1016 arctiorem,
1160 935 1372 1021 quodexstat
1383 935 1420 999 in
1431 933 1500 998 cod.
1513 933 1549 996 Τ.
1602 892 1606 976 1

439 1054 577 1122 codices
598 1074 619 1118 a
639 1053 661 1118 d
688 1073 821 1140 pravam
847 1055 1090 1139 congruentiam
1111 1073 1244 1118 casuum
1265 1054 1375 1118 secuti
1398 1057 1483 1116 sunt

354 1288 419 1357 262
552 1319 557 1328 ·
873 1274 1111 1360 64:13,24.

485 1419 638 1520 Experti
664 1419 871 1520 prodimus,
908 1421 940 1496 si
965 1419 1097 1497 fronde
1123 1445 1168 1496 ea
1182 1443 1359 1520 gyroque
1385 1417 1551 1494 eludatur

485 1552 584 1650 iguis
610 1558 648 1626 et
674 1573 852 1650 serpens,
878 1552 916 1628 in
941 1552 1050 1650 ignes
1075 1554 1201 1652 potius
1227 1575 1338 1652 quam
1373 1550 1416 1626 in
1447 1547 1550 1624 fraxi-

485 1705 574 1759 num
598 1681 729 1780 lugere
756 1689 980 1782 serpentem.
1018 1729 1021 1736 -

520 1827 678 1916 Copulam
690 1842 720 1893 et
739 1830 909 1896 delendam
926 1851 998 1896 esse
1020 1831 1145 1895 censuit
1158 1829 1203 1912 S„
1224 1829 1343 1895 delevit
1366 1832 1408 1912 I.‚
1433 1825 1548 1892 scilicet

436 1969 551 2034 gyrum
570 1949 702 2034 igneum
721 1949 859 2035 intelligi
877 1950 948 2013 rati.
970 1947 1052 2012 Tum
1068 1969 1145 2013 vero
1159 1949 1259 2012 altero
1275 1948 1347 2012 loco
1373 1967 1446 2011 non
1467 1944 1546 2008 idem

437 2065 671 2131 substantivum
691 2073 900 2152 repeteretur.
939 2065 1013 2130 Hoc
1025 2065 1103 2130 dicit
1112 2066 1250 2130 Plinius:
1273 2067 1302 2128 si
1321 2065 1415 2150 ignis
1430 2068 1466 2126 et
1487 2079 1545 2124 ser-

436 2203 517 2270 peus
531 2203 594 2247 uno
605 2182 728 2248 frondis
740 2204 818 2268 gyro
835 2183 1051 2263 includuntur,
1067 2203 1200 2268 serpens
1216 2181 1364 2248 frondem
1378 2186 1546 2263 tantopere

435 2299 598 2382 formidat,
618 2306 655 2364 ut
674 2300 709 2362 in
732 2300 839 2386 ignem
857 2319 893 2365 se
915 2300 1073 2365 coniiciat.
1094 2301 1207 2386 ltaque
1224 2300 1325 2364 altera
1347 2297 1472 2384 copula
1493 2313 1542 2380 gy·
1609 2331 1612 2432 p

434 2435 564 2494 mmoue
585 2435 604 2479 e
624 2415 771 2501 proxima
783 2417 908 2502 syllaba
928 2424 1000 2482 orta
1017 2417 1162 2481 deleatur
1183 2423 1309 2504 oportet
1330 2423 1365 2481 et
1377 2408 1542 2480 circumiit
1609 2442 1610 2446 ¹

432 2531 504 2598 cod.
526 2532 721 2598 comissum
743 2552 762 2596 e
783 2533 811 2597 'l'
833 2533 855 2597 d
874 2535 1080 2602 restituetur:
1102 2554 1179 2616 apro
1202 2539 1495 2599 circumclaudotar.

353 2761 362 2774 ‘
873 2759 1102 2846 68:16,27.
1405 2780 1414 2786 ·
1483 2768 1491 2784 ·
1606 2813 1608 2834 .

353 2841 415 2914 263
484 2907 590 2985 Nunc
610 2908 704 2984 intra
728 2906 931 3007 pugillares
945 2906 1199 3004 lectorumque
1214 2905 1354 2983 silicios
1367 2910 1434 2983 aut
1455 2901 1537 2978 lam·
1602 2844 1606 2893 ⁴

484 3063 552 3118 uas
578 3062 660 3118 raro
687 3062 757 3116 usu
780 3043 969 3139 spectatur
998 3035 1275 3132 (molluscum).
1601 2931 1609 3129 1

409 3243 412 3247 ,
516 3187 591 3252 Non
609 3207 741 3272 possum
761 3206 826 3249 non
847 3187 955 3251 mirari
975 3207 1035 3252 nec
1059 3187 1090 3250 S.
1099 3206 1203 3272 neque
1217 3189 1242 3254 1.
1263 3188 1369 3253 inhoo
1381 3187 1455 3252 loco
1467 3181 1535 3246 hae

300 3297 309 3322 ‘
434 3305 531 3370 sisse:
564 3303 712 3390 equidem
738 3323 791 3367 me
817 3304 873 3388 qui
896 3304 958 3367 siut
1001 3303 1165 3386 ,lectorum
1188 3304 1303 3396 siliciit
1331 3285 1373 3369 ue
1395 3302 1531 3369 divinus

434 3419 563 3509 quidem
589 3419 701 3486 fateor.
746 3417 859 3484 Codex
880 3410 1036 3485 a1hcbet
1063 3425 1196 3486 stolicios
1218 3434 1290 3502 aut,
1319 3421 1405 3508 quod
1427 3412 1532 3484 litteris

434 3534 559 3603 duabus
583 3535 699 3601 additis
720 3535 754 3599 in
779 3540 896 3599 sectiles
918 3546 1032 3599 tontum
1053 3539 1241 3604 mutandum
1264 3546 1391 3604 etcum
1415 3537 1452 3624 §5
1467 3529 1531 3602 229.
1608 3537 1609 3545 ’

433 3653 489 3721 ubi
505 3653 640 3720 eaedem
661 3653 800 3738 ,sectiles
821 3627 966 3718 lamnael
983 3653 1186 3738 reperiuntur
1208 3656 1437 3737 conferendum
1458 3654 1510 3716 est.

352 3879 415 3950 264
838 3872 1104 3961 '70:1628·

482 4021 522 4095 ln
556 4018 681 4120 primis
715 4043 805 4097 vero
841 4021 1013 4097 materies
1040 4018 1220 4098 honorata
1246 4019 1346 4098 buxo
1374 4027 1432 4098 est
1455 4033 1526 4096 raro
1609 3987 1612 4005 ’

485 4149 659 4250 crispanti
691 4172 763 4226 nec
795 4151 881 4227 nisi
899 4152 1041 4246 mdice3
1076 4155 1123 4231 de
1160 4159 1285 4231 cetero
1312 4151 1406 4230 lenis
1433 4148 1533 4253 quies'
1611 4187 1612 4206 i

485 4286 541 4358 est
574 4279 725 4358 materia
755 4280 879 4358 silenti
913 4289 950 4358 et
985 4285 1141 4381 quadam
1170 4285 1302 4363 duritia
1327 4309 1372 4363 ac
1396 4284 1525 4388 pallore

484 4409 801 4506 commendabilis,
827 4410 863 4488 in
883 4412 966 4512 ipso
981 4435 1071 4490 vero
1085 4415 1216 4492 arbore
1237 4418 1392 4518 topiario
1411 4435 1524 4518 opere.
1572 4431 1577 4438 ·

517 4559 772 4648 Descriptionem
800 4561 943 4645 ineptam
967 4567 999 4626 et
1020 4559 1088 4625 fere
1109 4561 1277 4630 ridiculam
1292 4604 1334 4615 -
1356 4565 1431 4653 quid
1453 4563 1526 4630 enim
1609 4543 1612 4620 l

435 4685 486 4746 ost
506 4675 628 4747 arboris
649 4669 740 4768 ¹‹pries
764 4683 797 4744 et
813 4677 967 4742 materiae
991 4677 1173 4744 silentium?
1197 4721 1229 4730 -
1256 4703 1275 4746 e
1296 4683 1359 4749 loci
1377 4678 1524 4748 sententia
1610 4709 1612 4830 p

1610 4355 1612 4414 l
