3567 5559
682 684 775 746 Liber
795 683 885 746 ΧΧΙ.
1287 679 1367 752 Ὧδ’

236 895 263 952 e
296 875 479 952 semiue
506 877 664 970 recenti3
704 877 743 953 tt
769 885 805 954 et
841 897 861 954 e
889 877 1077 954 mulabus
1117 878 1232 976 prime
1262 898 1348 978 ger-

239 1009 490 1086 minatione
514 1009 652 1085 incisis.

281 1137 468 1204 Primum
499 1137 661 1204 insulsum
682 1136 904 1225 descriptionis
942 1118 1194 1205 additamentum
1232 1158 1297 1205 uon
1327 1163 1348 1206 a

184 1257 313 1322 Plinio
343 1257 546 1342 proiectum
569 1276 642 1322 esse
664 1257 715 1322 vel
736 1258 946 1341 grammatica
968 1251 1160 1322 necessitate
1182 1252 1346 1325 evincitur.

185 1373 371 1461 Namque
402 1378 558 1439 neutrum
582 1391 682 1459 genus
706 1393 767 1460 quc
790 1375 948 1439 reseretur
969 1392 1032 1438 non
1054 1373 1161 1457 habet,
1182 1375 1245 1439 nisi
1265 1375 1349 1440 forte
1436 1408 1442 1412 ·

190 1491 236 1555 de
263 1491 388 1556 melle
417 1491 628 1577 cogitaveris,
664 1487 750 1577 quod
772 1506 792 1555 a
812 1491 941 1576 plantae
974 1485 1188 1576 descriptione
1220 1491 1347 1557 alienis·
1428 1559 1437 1572 „

195 1609 332 1673 simum
360 1626 453 1672 esse
485 1605 557 1694 quis
580 1623 643 1672 non
678 1601 847 1693 intelligit?
889 1605 972 1672 Tum
1004 1588 1186 1674 emolesta
1206 1606 1295 1676 verbi
1313 1618 1349 1689 fit

194 1725 430 1810 repetitione
452 1745 536 1790 unus
558 1725 713 1810 Apuleius
736 1713 827 1790 cavit.
873 1719 1009 1812 Reliqua
1041 1747 1082 1790 ex
1103 1723 1164 1790 hoc
1185 1717 1347 1792 Dioscurib

201 1843 254 1907 dis
278 1841 368 1908 locb
393 1839 462 1908 111.
484 1839 526 1910 74
558 1863 622 1906 non
656 1815 721 1906 tarn
755 1839 956 1906 emendando
989 1863 1084 1928 quam
1121 1836 1348 1930 distinguenda

203 1967 305 2024 sunt:
342 1961 529 2042 χυλίζεται
550 1960 589 2024 ’δὲ
607 1936 667 2024 Ικοιὶ
686 1961 725 2025 τὸ
749 1963 882 2045 σπέρμα
909 1996 945 2007 -
966 1960 1095 2051 χλωρὰν
1116 1954 1165 2025 ἔτι
1182 1997 1268 2006 —-
1291 1962 1348 2026 καὶ

205 2073 224 2158 ἢ
249 2073 340 2162 ῥίζα
368 2075 465 2138 κατὰ
487 2073 548 2160 τὴν
566 2077 700 2162 πρώτην
723 2072 946 2160 explemur».
966 2075 1072 2142 Ἦνδὲ
1092 2083 1130 2165 τῇ
1151 2077 1236 2162 πρὸς
1247 2073 1346 2142 ἑσπέ-

212 2209 277 2275 ραν
295 2184 444 2280 Ἶβηρίᾳ
466 2198 522 2257 καὶ
545 2189 631 2258 ὀπὸν
653 2191 783 2278 ἀνίησιν
805 2191 924 2276 ὅμοιον
946 2193 1055 2276 κόμμι.
1075 2193 1198 2258 Eodem
1221 2190 1346 2258 Graeco

212 2317 359 2373 auctore
390 2308 639 2388 (namlberiam
651 2309 813 2394 nominet)
836 2331 914 2374 usus
925 2311 1046 2374 Plinius
1064 2310 1144 2374 haec
1158 2311 1345 2396 scripserat:

256 2464 302 2473 —
325 2465 377 2474 -
403 2464 446 2477 —
467 2446 507 2490 ex
528 2433 621 2510 melle,
649 2433 874 2492 laudatissimus
903 2435 933 2492 tc
955 2431 981 2489 Ι.
1004 2449 1020 2490 e
1041 2433 1193 2501 lacrimis‚·
1225 2433 1259 2501 fil
1281 2438 1310 2492 et
1330 2447 1347 2489 e

256 2565 283 2608 s.
309 2567 340 2607 r.
370 2557 405 2606 et
427 2549 621 2607 eradicitus
643 2544 698 2610 rel.

306 2657 365 2744 De
401 2661 548 2744 proxime
575 2651 717 2724 sectione
733 2661 843 2724 'Ianus
871 2661 955 2725 bene
989 2661 1120 2740 meruit,
1156 2658 1189 2722 in
1220 2653 1345 2723 duobus

225 2783 339 2839 tamen
362 2777 448 2841 locis
470 2778 528 2840 viri
551 2777 725 2869 electissimi
747 2777 898 2840 iudicium
922 2776 1059 2862 probare
1080 2785 1215 2860 nequeo
1244 2767 1346 2860 §.256

227 2912 268 2952 ex
292 2894 432 2978 Apuleii
455 2871 591 2957 lectione
614 2903 677 2956 totu
699 2895 831 2958 restituo
851 2906 936 2974 potu,
960 2893 988 2976 ξ.
1010 2893 1072 2960 257
1092 2890 1346 2977 putidumglos·

232 3025 323 3071 sema
346 3031 486 3074 uenerem
508 3015 667 3074 ‘stimulent
694 3025 757 3095 quo
786 3010 934 3095 proxima
970 3009 1069 3073 rerba
1096 3008 1295 3092 explicantur
1327 3023 1348 3074 a

232 3121 358 3209 Silligiu
384 3147 428 3191 ex
443 3126 580 3211 Apuleio
601 3119 765 3210 receptum
783 3129 878 3192 Ianus
897 3125 1009 3192 'delere
1032 3125 1179 3190 debebat.

660 3331 733 3402 263
748 3357 792 3390 π
805 3331 926 3414 23,99“.
1056 3398 1061 3403 .

288 3457 336 3530 ita
364 3458 462 3534 enim
492 3456 664 3532 Glaucias
690 3458 836 3556 scripsit
863 3457 929 3535 rel.

282 3592 323 3648 tta
344 3596 423 3651 enim
446 3609 553 3652 cereae
577 3593 720 3652 Glaucias
741 3593 906 3667 adscripsit
926 3589 965 3654 V.

283 3708 323 3764 lto
346 3719 375 3767 el
397 3725 488 3768 cerea
513 3710 628 3768 Gluts'us
645 3679 811 3794 oderripsil
831 3726 858 3766 a.

324 3821 437 3888 Finem
465 3822 646 3896 sententiae
673 3821 737 3890 Sill.
765 3793 902 3884 correxit
925 3819 1141 3904 dittographia
1173 3841 1208 3880 cs
1230 3823 1346 3897 ascrip-

251 3939 283 3994 sit
303 3936 427 4019 deleta,
454 3938 579 4004 initium
600 3936 687 4004 facili
708 3938 885 4005 mutatione
909 3936 1079 4002 emendare
1102 3942 1246 4020 poterat:

290 4058 327 4116 ita
347 4070 428 4120 certe
448 4062 495 4121 Gt.
515 4077 544 4117 c.
570 4054 628 4130 (cs.
650 4053 740 4154 XIX.
769 4043 836 4133 l84‚
857 4053 962 4120 XXV.
984 4053 1035 4124 9).

640 4304 642 4316 ’
680 4262 801 4398 uicus
825 4323 912 4398 xri

331 4502 367 4570 In
391 4505 452 4568 hoc
478 4504 559 4572 libro
586 4503 657 4570 cod.
671 4465 702 4567 'a
730 4502 873 4568 destituti
900 4504 1010 4570 codice
1032 4504 1063 4577 R
1086 4504 1190 4580 denuc
1219 4522 1277 4566 uos
1303 4503 1348 4566 ut‘

258 4625 345 4692 posse
364 4621 531 4702 laetamur,
554 4621 652 4686 cuius
665 4589 739 4684 *cum
763 4621 920 4684 Vossianc
945 4621 1136 4686 excellentia
1164 4619 1211 4682 ita
1237 4625 1350 4701 certat,
