3567 5559
356 755 417 823 135

435 557 498 626 lffl
891 559 1080 630 libert.

845 745 921 824 140
936 747 1137 824 :ibidem

485 915 634 992 Charax
655 915 831 1018 oppidum
849 917 997 995 Persici
1027 919 1130 995 sinus
1152 915 1318 993 intimum
1340 926 1476 1013 (§.138)

483 1053 595 1130 Prius
615 1052 686 1128 fuit
706 1077 728 1126 a
751 1051 860 1129 litore
884 1056 1002 1131 stedia
1018 1055 1055 1132 X
1072 1052 1293 1130 maritimum
1319 1098 1371 1110 —
1393 1064 1439 1130 et
1457 1053 1544 1128 iem

481 1189 715 1291 Vipsanda
739 1189 908 1289 porticus
935 1191 1057 1286 hebet,
1075 1233 1127 1248 -
1149 1191 1346 1266 lubevero
1361 1190 1546 1291 prodente

481 1326 565 1402 hid
576 1352 633 1426 p.;
655 1349 752 1401 nunc
766 1327 899 1400 abesse
916 1325 1061 1401 olitore
1072 1326 1179 1403 CXX
1190 1326 1231 1402 M
1252 1328 1363 1426 legati
1379 1328 1546 1403 Arabum

480 1461 672 1560 nostrique
685 1459 947 1561 negotiatores,
974 1461 1037 1563 qui
1057 1461 1145 1538 inde
1171 1485 1320 1558 venere,
1350 1463 1546 1538 affirment

479 1596 562 1672 Nec
586 1597 661 1672 ulla
681 1607 788 1697 parte
813 1597 898 1697 plus
926 1607 989 1673 aut
1010 1597 1170 1673 celerius
1198 1599 1395 1699 profecere
1419 1595 1545 1674 terrae

478 1731 689 1809 fluminibus
716 1732 885 1812 invectae
915 1732 1075 1828 maris3
1108 1734 1148 1812 id
1174 1735 1307 1811 mirum
1335 1744 1394 1809 est
1419 1741 1481 1808 rel.

515 1935 665 2022 Silligins
694 1934 887 2021 ,‚locnm,“
924 1935 1047 2020 inquit,
1084 1936 1192 2015 „sine
1218 1934 1409 2002 melioribus
1446 1937 1545 2002 codd.

428 2077 607 2143 numquam
637 2056 878 2122 restituendum
908 2053 1028 2135 talem,
1065 2054 1196 2141 qualem
1230 2054 1303 2119 libri
1338 2055 1445 2120 nostri
1480 2075 1544 2120 ex-

427 2175 559 2255 hibent,
587 2185 779 2258 corruptum
801 2173 953 2252 exhibui,
982 2193 1056 2238 cum
1079 2175 1347 2240 coniecturarum
1371 2193 1460 2258 quae
1480 2174 1543 2240 hu·

428 2313 556 2376 cusqne
577 2290 728 2375 prolatae
751 2300 830 2354 sunt
857 2290 950 2354 nulle
974 2292 1202 2358 satisfaciat.“
1252 2292 1361 2358 Recte
1386 2289 1441 2358 ille
1470 2293 1544 2378 qui·

428 2411 503 2474 dem
523 2410 565 2473 de
584 2408 784 2471 coniecturis
805 2407 978 2472 iudicavit:
1002 2429 1079 2474 nam
1100 2411 1212 2476 adhue
1228 2409 1384 2475 VV.DD.
1406 2410 1542 2495 ingenio

425 2540 462 2594 nt
484 2529 520 2593 fit
540 2527 638 2592 abusi
659 2547 680 2591 a
705 2527 802 2591 codd.
824 2525 908 2591 Mss.
936 2528 1087 2614 vestigiis
1115 2529 1231 2594 mirum
1261 2539 1419 2616 qnantum
1442 2551 1542 2614 prae·
1620 2523 1621 2598 Ῑ

425 2660 479 2714 ter
502 2647 604 2714 ullam
630 2647 868 2712 necessitatem
890 2658 1125 2713 recesserunt:
1157 2649 1199 2714 de
1227 2648 1320 2714 libris
1347 2667 1429 2713 vero
1450 2649 1539 2715 Mss.
1620 2651 1621 2735 ξ

427 2780 460 2833 ct
481 2767 536 2833 hie
557 2779 590 2833 et
615 2787 720 2851 saepe
749 2766 892 2851 iniquius
917 2769 1022 2832 sensit
1053 2768 1104 2833 vir
1127 2765 1411 2852 diligentissimus.
1452 2766 1541 2834 Nem

426 2886 489 2955 etsi
512 2899 637 2953 tantum
660 2887 778 2952 absum
801 2895 837 2951 ut
860 2886 915 2952 vel
939 2889 1098 2972 optimum
1120 2887 1153 2953 A
1180 2887 1256 2952 libri
1277 2887 1541 2972 Bambergensis

425 3009 654 3093 praestantiae
673 3027 789 3091 parem
811 3026 891 3072 esse
917 3005 1040 3085 dicam,
1066 3015 1102 3069 ut
1122 3004 1241 3070 nullius
1263 3005 1335 3071 iere
1361 3008 1540 3092 scriptoris

425 3127 550 3192 veteris
574 3126 713 3193 codices
742 3134 790 3189 tot
814 3124 945 3190 mendis
966 3124 1130 3211 inquinari
1157 3144 1254 3210 quam
1279 3123 1416 3192 Plinium
1439 3127 1541 3212 profi·

425 3255 518 3307 tear:
541 3241 705 3325 permulta
725 3252 837 3307 temen
857 3242 904 3306 ito
924 3261 1002 3310 esse
1026 3253 1221 3326 comparata
1244 3245 1411 3324 existimo,
1433 3256 1471 3309 ut
1490 3243 1540 3310 le·

423 3360 522 3426 nibus
543 3359 701 3424 remediis
726 3378 769 3423 ex
798 3358 882 3441 ipsis
908 3360 1034 3424 nostris
1057 3358 1228 3425 codicibus
1259 3362 1372 3426 senari
1395 3363 1539 3446 possint.

423 3479 535 3562 Atque
562 3472 617 3540 hic
644 3472 755 3552 locus,
788 3477 831 3538 de
858 3496 924 3559 quo
951 3494 1030 3541 sese
1056 3475 1242 3559 desperare
1270 3477 1395 3546 fatetur
1424 3480 1464 3552 V.
1485 3482 1541 3564 1),

424 3615 489 3662 une
508 3592 651 3658 litterula
672 3601 798 3659 mutata
818 3601 884 3655 tarn
899 3591 1070 3658 evidenter
1086 3595 1327 3678 emendabitur,
1350 3609 1387 3664 nt
1408 3621 1451 3666 ne
1474 3602 1540 3685 ipsi

351 3743 363 3768 κ
422 3713 556 3800 quidem
562 3708 688 3796 Silligio
700 3709 790 3775 dubii
799 3711 974 3798 quidquam
985 3712 1138 3778 relictum
1152 3713 1226 3780 iore
1239 3717 1415 3783 confidem.
1430 3720 1538 3786 Mirus

422 3853 506 3900 sane
520 3834 583 3899 viri
597 3832 687 3898 docti
700 3828 866 3898 lectiones
880 3830 1051 3898 exhibent:
1073 3831 1150 3896 iude
1164 3833 1431 3921 pseudoportieus
1441 3836 1539 3902 babet

423 3954 585 4020 Gelenius
593 3951 1538 4040 etFrobenius,etiomIpsnndnportumbnbuitPintienuS,

422 4070 492 4155 ipsa
510 4079 579 4132 mm
597 4079 729 4157 portum
742 4068 858 4134 babuit
878 4070 933 4134 vel
954 4071 1020 4134 ium
1039 4071 1117 4136 iude
1138 4075 1207 4161 ipso
1216 4081 1346 4161 portum
1359 4071 1457 4138 babet
1469 4074 1538 4141 Da·

421 4185 619 4270 lecampius,
640 4187 710 4272 ipsa
725 4184 803 4250 iude
819 4195 950 4272 portum
966 4186 1081 4254 latitia
1100 4190 1304 4273 Hurdninus,
1326 4189 1434 4275 velex
1446 4194 1537 4278 ipso·

422 4323 495 4372 rum
515 4302 649 4388 ingenio
667 4301 723 4366 vel
745 4304 953 4386 compendiis
975 4303 1132 4372 librorum
1145 4308 1233 4376 Mss.
1252 4309 1337 4376 male
1358 4310 1536 4380 intellectis

424 4433 619 4511 prognatus.
661 4420 748 4485 Nem
770 4421 947 4507 quodiam
970 4441 989 4486 e
1012 4422 1155 4488 Barbari
1175 4426 1348 4494 codicibus
1367 4430 1537 4516 scripture

423 4543 458 4607 ιίι
479 4537 611 4629 maudo
628 4537 773 4628 porticos
794 4536 890 4605 babet
917 4538 1015 4608 facile
1046 4539 1119 4608 elici
1146 4553 1279 4630 poteret
1309 4567 1431 4616 numen
1454 4571 1536 4637 pro-
