3567 5559
684 763 777 826 ttae
797 765 939 826 XXXII.
1300 759 1363 830 199

297 956 498 1056 mergi-
527 957 574 1033 ad
607 957 731 1036 locum
758 957 1024 1048 Mauretaniae,
1064 959 1126 1057 qui
1152 953 1258 1034 Cotte
1297 981 1364 1035 vo-

296 1097 423 1166 cetur.

338 1221 492 1286 Gladium
513 1220 635 1308 piscem
647 1221 730 1286 Plin.
751 1222 816 1286 iarn
837 1221 896 1287 [x.
919 1223 960 1288 54
981 1209 1209 1303 uiminarerat,
1232 1221 1365 1307 xiphian

229 1340 339 1404 infra
362 1341 393 1423 ᾗ.
414 1340 474 1405 151
497 1345 742 1421 commemorat,
776 1347 888 1404 neutro
911 1340 982 1404 loco
1005 1344 1249 1425 interpretatur,
1282 1359 1364 1425 quac

230 1459 353 1544 igitur
375 1456 407 1525 lr.
429 1456 449 1520 l.
472 1464 508 1521 ut
528 1463 750 1521 mucronatum
783 1464 920 1521 rostrum
942 1435 1134 1542 euplicotur,
1169 1457 1293 1523 adiecta
1320 1458 1364 1522 le·

236 1577 363 1662 gimus
396 1575 537 1659 glossam
569 1575 726 1639 redolent.
789 1576 896 1640 Locus
933 1581 1040 1640 autern
1074 1576 1294 1642 Mauretaniae
1334 1583 1367 1641 et

237 1694 289 1759 V.
317 1693 340 1759 2
369 1692 403 1756 in
424 1690 495 1757 cod.
517 1691 548 1754 A
569 1697 602 1756 et
622 1691 674 1756 hio
702 1692 737 1755 in
765 1692 885 1757 cod.B
914 1697 1017 1757 Cottae
1051 1694 1247 1778 appellatur,
1282 1715 1365 1781 quae

239 1809 397 1875 nominis
430 1808 533 1873 forma
563 1829 636 1874 cum
672 1808 838 1875 Strabonis
871 1811 941 1875 looo
971 1833 1003 1892 p.
1031 1811 1153 1893 &aaa
1188 1811 1224 1876 ui
1245 1783 1366 1888 linirem

242 1928 480 2009 confirmetur,
502 1928 616 2013 plurali
638 1945 770 1992 numero
793 1928 913 1992 Plinius
940 1949 1018 1992 usus
1041 1948 1112 1992 esse
1132 1927 1269 1993 videtur.

724 2052 768 2124 16
782 2053 908 2158 327.
1388 2083 1449 2150 707
1477 2017 1489 2037 κ

306 2177 684 2254 Emanuvcscuutur
710 2179 833 2279 pisces
858 2181 895 2254 in
923 2176 1089 2277 pluribus
1111 2178 1262 2276 quidem
1275 2177 1368 2255 Cae·
1404 2161 1410 2176 ³

308 2311 403 2386 saris
432 2307 528 2386 villis
538 2337 547 2403 ;
598 2311 667 2387 sed
694 2335 787 2411 quae
816 2320 976 2402 vetereS,
994 2311 1202 2411 *prodidere
1228 2311 1265 2386 in
1294 2318 1368 2386 sta·
1414 2391 1416 2402 ,

305 2443 404 2544 gnie,
432 2465 504 2518 uon
530 2443 682 2543 piscinis
707 2443 891 2533 admirati,
925 2444 960 2520 in
990 2444 1102 2522 Elorc
1131 2442 1280 2522 Siciliae
1308 2467 1369 2520 ca-

310 2563 502 2664 stelloss,
528 2577 614 2652 item
641 2578 677 2652 in
705 2575 887 2654 Labraudi
921 2577 1020 2656 lovis
1054 2579 1154 2654 sonte
1181 2577 1367 2678 anguillae

309 2721 349 2788 et
361 2713 508 2787 inaures
522 2711 667 2787 additas
691 2719 835 2810 gerunt,
863 2711 1029 2787 similiter
1045 2711 1082 2786 iu
1110 2709 1199 2787 Chio
1228 2708 1292 2786 rel.

343 2843 396 2910 Ita
417 2841 484 2916 sill.
519 2842 589 2907 cod.
612 2842 886 2927 Bambergeusom
918 2863 936 2906 e
963 2850 1054 2928 parto
1084 2848 1230 2923 secutus,
1263 2861 1368 2927 neque

254 2963 396 3028 multum
418 2959 525 3025 differt
546 2959 617 3024 Iani
637 2961 719 3024 ratio
747 2960 800 3046 qui
833 2960 1089 3044 interpunctione
1116 2965 1240 3024 mutata
1269 2958 1370 3025 verba

258 3101 329 3144 non
365 3075 561 3159 emendarit,
600 3077 660 3141 nisi
697 3076 782 3163 quod
812 3084 898 3142 recte
931 3099 949 3141 c
982 3077 1074 3142 codd.
1098 3081 1276 3159 Labrayndi
1297 3077 1317 3140 i.
1340 3096 1368 3141 e.

257 3199 455 3278 Ladrupudd
492 3183 628 3279 scripsit.
671 3193 829 3281 Equidem
860 3215 965 3278 neque
1002 3195 1194 3259 sententiam
1233 3195 1369 3260 orationi

259 3322 373 3401 aptam
394 3313 501 3378 inesse
535 3332 640 3397 neque
662 3317 853 3375 structuram
875 3312 1044 3376 verborum
1072 3311 1148 3392 ferri
1177 3331 1273 3396 possa
1295 3333 1369 3376 con·

260 3431 372 3497 tendo.
414 3429 498 3493 Nam
520 3429 605 3513 quod
626 3427 724 3492 larius
747 3435 820 3513 post
841 3451 890 3493 vv.
913 3435 989 3493 villis
1011 3434 1043 3493 et
1063 3433 1118 3492 red
1139 3430 1369 3494 lenioreintcr·

259 3549 437 3636 punctione
458 3566 535 3610 usus
558 3553 628 3627 est,
661 3566 726 3609 non
748 3547 906 3610 contraria
928 3554 1002 3610 sunt
1024 3547 1117 3610 villae
1140 3554 1172 3611 et
1194 3547 1370 3623 castellum,

248 3661 321 3732 'scd
343 3671 461 3749 stagna
489 3669 521 3726 et
541 3663 701 3752 piscinae,
737 3662 877 3748 Silligius
907 3684 983 3728 vero
1010 3685 1051 3727 ne
1086 3684 1214 3728 sensum
1241 3661 1371 3748 quidem

260 3781 493 3871 grammaticae
514 3779 640 3864 legibus
664 3780 926 3862 accommodavit,
949 3800 1099 3865 quorsum
1122 3781 1205 3842 cuim
1227 3776 1370 3841 referun-

234 3915 238 3922 '
260 3911 315 3968 tur
336 3899 436 3964 verba
457 3903 514 3961 sed
534 3918 613 3976 quoe
634 3903 766 3960 veteres?
793 3897 906 3982 Neque
929 3900 1057 3960 omniuo
1079 3897 1145 3959 ulla
1166 3895 1276 3980 primis
1299 3914 1370 3958 sen·
1421 3897 1437 3928 ‘

261 4018 372 4085 tentiis
393 4016 480 4080 inest
501 4013 679 4100 oppositio,
702 4014 758 4077 sed
781 4014 994 4099 comparatio,
1031 4011 1145 4076 eodem
1168 4012 1252 4076 enim
1274 4013 1369 4078 modo

263 4159 281 4203 e
303 4134 402 4202 verbo
425 4134 616 4214 ‚vescuntur‘
645 4131 818 4196 infinitivus
846 4131 955 4212 ,vesci‘
983 4129 1180 4214 supplendus
1203 4136 1267 4211 est,
1307 4151 1370 4216 quo

262 4251 419 4319 XXXIV.
441 4251 460 4316 5
482 4247 615 4312 verbum
636 4249 800 4330 ‚exerceri‘
822 4247 921 4310 semel
942 4247 1081 4331 positum
1104 4247 1151 4311 bis
1173 4246 1370 4332 intelligitur,

264 4393 327 4457 quo
351 4369 391 4432 de
413 4384 533 4452 genere
555 4364 593 4431 cf.
616 4364 814 4449 Grasberger
835 4386 866 4449 p.
880 4365 928 4432 16.
953 4363 1111 4449 Corrupto
1134 4385 1205 4428 esse
1228 4365 1371 4449 sequitur

264 4487 365 4553 verba
397 4489 453 4548 red
474 4482 601 4562 quueB
629 4503 662 4546 se
683 4502 760 4560 qaue
780 4482 810 4545 R
830 4503 862 4544 se
885 4503 943 4560 pue
963 4482 1012 4563 V,
1045 4482 1129 4545 unde
1152 4481 1257 4546 deleta
1289 4499 1377 4576 quae¹

265 4603 451 4701 aproximo
479 4599 636 4664 vocabulo
660 4598 852 4663 adhaeserat
884 4600 992 4663 littera
1012 4621 1027 4660 s
1049 4598 1135 4660 nullo
1158 4596 1297 4680 negotio
1327 4595 1371 4660 ef-

265 4723 370 4786 ficitur
399 4738 494 4796 aeque
520 4736 608 4784 suc
636 4736 733 4780 manu
761 4717 854 4780 vesci.
899 4719 947 4780 lta
967 4715 1072 4780 XVII.
1094 4715 1134 4778 84
1165 4735 1184 4776 a
1214 4714 1372 4784 sententia
