3567 5559
632 814 636 820 .
695 772 788 834 liber
806 769 933 835 1111.
1309 769 1371 840 197

246 967 334 1031 sale
354 966 561 1032 mmbantrr.
602 966 765 1031 Differuni
783 965 882 1052 igitur
912 965 995 1051 quae
1016 965 1068 1030 hio
1089 965 1258 1031 uaduntnr
1278 985 1370 1051 prae·

247 1092 360 1171 cepta
380 1106 400 1151 a
420 1084 621 1150 Dioscoridia
648 1085 720 1150 loco
741 1083 785 1150 VJ
802 1084 882 1166 125,
918 1083 974 1149 ubi
1009 1084 1056 1148 sal
1094 1083 1135 1149 ad
1165 1082 1371 1148 molliendam

247 1202 463 1268 vinculorum
484 1201 634 1268 duritiem
654 1203 776 1290 imponi
795 1201 930 1268 videtur.

541 1322 794 1409 125=11,lr.
823 1319 893 1412 (de
914 1305 1126 1421 spongiis).
1392 1317 1454 1390 703

310 1453 431 1530 lidem
458 1450 665 1552 (penicilli)
712 1452 986 1551 abstergendae
1020 1449 1230 1554 lippitudini
1256 1450 1372 1530 utilis-

200 1568 211 1576 ’
311 1587 419 1676 simi,
469 1607 609 1684 eosque
650 1584 888 1665 tenuissimos
930 1590 968 1662 et
1004 1577 1242 1665 mollissimos
1286 1609 1371 1665 esse

311 1723 477 1818 oportet.

346 1850 401 1916 Ita
428 1849 495 1915 snt
525 1844 594 1912 Ian.
631 1846 802 1912 Gelonium
835 1848 970 1936 eiusque
1004 1847 1133 1914 codices
1169 1849 1281 1914 secuti.
1324 1850 1374 1914 De

258 1969 383 2056 quibus
405 1965 482 2053 quid
502 1964 709 2030 iudicandum
731 1967 787 2048 sit,
822 1967 972 2053 quoniam
1000 1967 1106 2032 minus
1136 1971 1276 2050 conatu,
1314 1985 1373 2032 nos

256 2086 385 2152 noemia
420 2081 585 2149 codicibus
620 2103 755 2169 quorum
776 2090 927 2147 accurata
953 2084 1068 2150 notitia
1088 2083 1213 2149 illorum
1235 2084 1374 2150 virorum

257 2203 435 2268 doctorum
457 2200 643 2287 diligentiae
665 2201 816 2279 debetur,
842 2200 964 2266 firmins
981 2201 1176 2266 insistemus.
1203 2223 1240 2267 eo
1262 2207 1374 2269 tenuis·

256 2329 415 2400 simosque
436 2329 554 2400 oportet
568 2317 675 2401 lev,
707 2319 834 2404 plenius
864 2317 951 2382 idern
972 2318 1151 2384 Vossianus
1181 2319 1281 2387 altero
1303 2321 1374 2388 loco

160 2446 162 2448 ’
258 2460 330 2526 quo
363 2457 449 2524 quae
478 2457 499 2500 a
525 2433 650 2501 XXXI.
689 2435 746 2531 118
773 2409 876 2522 usque
907 2434 949 2501 ad
979 2434 1118 2502 XXXII.
1142 2437 1183 2506 57
1216 2439 1374 2526 leguntur,

259 2558 389 2644 pariter
408 2560 506 2640 alque
525 2556 559 2617 in
580 2551 626 2617 Β2
648 2559 836 2639 repetrmtur
861 2551 1021 2636 tonsili.
1045 2555 1222 2640 appellat),
1249 2556 1374 2644 plenius

260 2675 364 2761 igitur
387 2677 454 2758 ψΩ
467 2670 513 2734 R²
535 2689 572 2733 ea
593 2676 780 2735 tmuismuos
801 2683 829 2734 el
847 2677 1092 2765 mollissimosque
1113 2684 1247 2756 oportet,
1277 2673 1375 2740 iidem

259 2811 380 2856 vocem
401 2789 581 2874 proximam
602 2788 716 2853 litteris
738 2809 764 2870 c,
785 2810 815 2871 a,
836 2809 874 2853 ac
893 2788 1016 2856 finiunt.
1053 2788 1149 2855 Unde
1171 2789 1285 2856 eadem
1307 2789 1376 2858 lere

261 2908 430 2973 sententia
461 2905 577 2992 quibus
605 2906 741 2992 scriptor
767 2926 844 2971 neus
866 2893 967 2971 l‘uisse
998 2905 1146 2972 videatur
1176 2907 1256 2974 haee
1277 2883 1377 2974 rerba

213 2998 222 3010 ¹
261 3026 481 3091 extricamus:
514 3027 676 3104 utilissimi,
699 3044 742 3089 ac
763 3044 805 3088 co
823 3023 861 3110 (i.
885 3043 914 3089 e.
936 3031 968 3090 et
989 3025 1080 3108 ideo,
1115 3025 1154 3094 ci.
1176 3025 1281 3094 XVII.
1305 3027 1376 3110 127,
1485 3067 1489 3084 ·

258 3140 391 3208 XXXJ.
403 3143 464 3221 31)
486 3148 672 3206 tenuissimos
692 3160 757 3204 csse
775 3147 1018 3222 mollissimosque
1039 3153 1164 3223 oportet.

230 3364 233 3373 ,
351 3361 356 3382 ¹
675 3262 744 3336 126
770 3281 809 3316 =
835 3259 985 3337 Ibidem.
1398 3297 1459 3368 704

316 3392 366 3469 Et
390 3392 496 3493 ipsae
525 3398 761 3492 (spongeae)
803 3390 998 3469 vulnerum
1030 3392 1377 3476 inflammationibus

314 3525 572 3625 imponuntur,
610 3546 710 3600 nunc
734 3524 876 3614 siccae,
916 3547 1015 3602 nunc
1040 3534 1147 3608 aceto
1172 3529 1377 3632 adspersae

316 3655 387 3737 rel.

350 3789 526 3874 Vulgatam
554 3787 638 3853 hanc
659 3787 829 3854 lectionem
857 3810 952 3875 quam
968 3761 1068 3856 ¹haud
1097 3791 1281 3859 dubitanter
1311 3791 1378 3861 sill.

266 3907 436 3994 repetivit,
463 3906 686 3991 interpolatam
709 3927 781 3969 esee
803 3909 916 3971 lanum
946 3929 1010 3973 non
1032 3909 1134 3975 latuit.
1172 3884 1273 3985 'Quod
1301 3929 1378 3979 vero

267 4027 406 4090 lacunae
429 4023 557 4107 signum
579 4043 741 4109 apponere
762 4045 857 4109 quam
870 4032 1053 4112 corruptam
1075 4025 1222 4094 codicum
1244 4030 1379 4120 scriptu·

268 4165 338 4208 ram
361 4141 523 4226 corrigere
536 4139 658 4236 maluit,
681 4141 805 4204 cautius
826 4161 922 4227 quam
944 4144 1061 4210 recline
1083 4145 1161 4212 mihi
1182 4149 1312 4242 quidem
1333 4150 1379 4216 vi·

271 4261 365 4326 detur
390 4258 519 4323 fecisse.
562 4256 646 4320 Nam
674 4257 749 4343 quid
778 4259 907 4324 omnino
936 4261 1094 4328 excidisse
1122 4267 1278 4353 potuerit,
1315 4287 1380 4334 nen

271 4397 437 4462 assequor.
481 4374 531 4439 En
553 4374 705 4439 librorum
727 4373 817 4440 MSS.
845 4376 1016 4446 lectiones:
1048 4389 1297 4461 inflammationes
1317 4392 1382 4449 sim

272 4499 457 4572 cinianqitur
486 4491 516 4555 V
544 4499 787 4571 inflammationes
813 4500 840 4556 si
866 4513 921 4558 nec
949 4502 1123 4578 inunpuilur
1151 4500 1182 4564 R
1203 4499 1224 4564 d
1246 4504 1276 4565 Ω
1297 4512 1338 4584 ψ,
1362 4520 1380 4566 e

271 4611 388 4698 quibus
410 4610 535 4673 litteras
557 4617 620 4673 sinc
641 4608 1114 4709 dittographiaproximarums
1128 4621 1381 4682 cintortamesse

271 4731 341 4816 quis
364 4747 432 4792 non
452 4726 624 4812 intelligit?
667 4726 758 4801 Quae
786 4735 891 4792 autem
915 4735 1037 4794 restant
1069 4736 1253 4812 ciniunptlur
1274 4734 1381 4800 termi-
