3567 5559
694 759 780 822 [ruer
801 763 911 825 rrrr.
1302 735 1362 828 11'7
1398 738 1401 746 ’

227 955 277 1018 bis
302 955 492 1042 φυλλᾶρια
517 957 635 1043 μικρά,
669 956 757 1041 ἄνθη
786 961 915 1034 floribus
947 955 1067 1021 codicis
1089 954 1127 1037 d,
1161 977 1267 1042 neque
1300 958 1362 1023 hoo
1435 1030 1437 1035 ,
1470 959 1474 966 ’

227 1093 287 1135 nos
310 1071 506 1136 morabitur
528 1074 612 1159 quod
633 1074 711 1138 lolia
734 1075 819 1138 floris
842 1095 914 1138 cum
937 1094 1098 1146 remorum
1119 1073 1204 1138 foliis
1227 1064 1361 1139 aPlinio
1419 1129 1424 1143 ,

227 1191 483 1273 permutantur.
529 1191 580 1254 Sic
602 1190 699 1276 igilur
720 1191 859 1255 Plinium
881 1191 1050 1276 scripsisse
1072 1191 1222 1257 arbitror:

270 1311 307 1382 G.
332 1327 361 1370 e.
388 1312 460 1370 trio
480 1312 627 1398 fronde
648 1318 761 1372 lantum
783 1313 813 1374 d.
829 1332 864 1389 p.
887 1331 916 1372 a.
938 1328 979 1391 a,
1011 1315 1118 1387 parcis
1137 1314 1252 1385 foliis
1274 1320 1362 1374 rutae

269 1428 442 1504 similibus,
463 1428 559 1501 flori
566 1431 633 1489 dus
650 1430 791 1490 candidis
812 1432 872 1490 eto.

271 1540 433 1604 Similem
463 1541 612 1608 lacunam
633 1543 666 1611 in
699 1543 852 1628 proximis
874 1542 980 1633 verbis
1016 1543 1256 1628 deprehendere
1283 1543 1362 1608 mihi

231 1656 358 1724 videor.

691 1749 738 1820 54
753 1780 798 1811 =
812 1749 932 1834 2126.
1320 1759 1325 1767 ’
1381 1740 1443 1817 479
1563 1767 1567 1774 ·

283 1871 492 1976 pellunt..
520 1882 707 1952 menstrua
732 1876 768 1951 in
798 1882 886 1976 polu
903 1883 940 1952 el
953 1875 1092 1952 urinam
1107 1874 1360 1974 calculosque.

281 2007 521 2096 lullalionffi
550 2006 752 2084 iocinerum
784 2010 878 2097 lilia,
907 2007 1017 2084 bilem
1046 2010 1231 2099 suffusam,
1258 2008 1361 2108 aegi-

284 2141 395 2242 lopi'a
427 2142 753 2234 commanducata,
782 2141 945 2218 ulcerum
970 2142 1183 2241 eruptiones
1211 2165 1360 2218 menan-

286 2283 348 2351 tes
379 2282 502 2352 sanat.
730 2367 734 2374 Ι

322 2407 565 2494 θεραπεύουσι
587 2407 626 2472 δὲ
647 2411 703 2472 καὶ
724 2404 902 2487 αἶγιλώπια
924 2373 1253 2490 καταὶτλασσόμεναι,
1286 2408 1360 2471 δια-

179 2513 181 2517 ’
242 2526 469 2608 perseipsum
491 2525 529 2589 δὲ
552 2529 609 2590 καὶ
630 2523 747 2608 diodus
769 2521 895 2603 ἰῶνται,
938 2524 1141 2588 Dioscorides
1162 2525 1182 2588 l.
1204 2525 1225 2588 l.
1248 2524 1360 2609 Sequi·

245 2647 294 2704 tur
314 2641 616 2727 interpungendum
639 2660 711 2704 esse
733 2647 806 2724 post
827 2663 854 2704 v.
880 2647 1043 2720 aecilopic,
1066 2661 1128 2727 quo
1150 2640 1235 2705 facto
1257 2641 1360 2725 prima

246 2757 344 2823 verba
367 2780 444 2822 oum
469 2758 626 2843 prioribus
649 2757 875 2850 coniungenda
902 2766 1011 2840 erunt,
1040 2757 1154 2844 quibus
1176 2765 1270 2844 potus
1292 2756 1359 2820 effi·

180 2871 181 2876 ’
248 2876 335 2940 cacia
358 2876 570 2957 describitur,
599 2875 669 2938 voci
698 2882 803 2937 autem
828 2883 978 2957 uepllopic
1008 2899 1036 2941 v.
1065 2882 1139 2939 illito
1168 2895 1230 2961 quo
1257 2899 1360 2939 xasa-

248 2993 485 3078 πλασσόμεναι
509 2979 705 3076 exprimatur
727 2992 910 3057 addendum
932 3015 1025 3058 esse:

180 3105 181 3108 '
287 3093 409 3186 pellunt
430 3159 437 3173 .
460 3160 468 3175 .
491 3133 526 3174 m.
545 3117 565 3174 i.
582 3132 615 3188 p.
640 3130 664 3172 e.
688 3117 940 3190 u.cu1culosque;
962 3117 1132 3189 inflationes
1152 3116 1172 3173 i.
1195 3130 1223 3172 v.
1248 3113 1275 3170 b.
1296 3113 1360 3185 suf·
1401 3155 1411 3174 s

289 3230 405 3308 fusum,
424 3223 576 3306 aepilopia
591 3233 651 3291 illi
659 3240 707 3309 ta,
726 3234 979 3294 commanducata
990 3236 1120 3291 ulcerum
1135 3248 1161 3293 e.
1175 3249 1213 3290 m.
1224 3237 1361 3292 sonunt.

333 3344 363 3428 ἓ.
387 3345 429 3412 59
449 3366 507 3430 pro
536 3349 620 3422 quod
645 3351 777 3407 siriasim
805 3359 916 3435 vocunl
942 3345 1031 3431 lege:
1064 3367 1152 3426 quom
1172 3369 1197 3408 s.
1220 3366 1247 3409 u.
1270 3346 1298 3429 S.
1321 3343 1362 3410 67

180 3459 181 3466 ’
257 3476 324 3523 cum
348 3460 519 3526 Harduino
542 3461 615 3546 lego
638 3466 773 3526 lacios.
864 3458 871 3463 ’

479 3586 525 3657 69
555 3604 590 3634 =
614 3585 738 3678 2232.
793 3579 862 3672 (de
888 3563 1133 3680 asphodelo).
1381 3560 1444 3629 480

180 3695 182 3718 i
303 3707 393 3786 Fere
418 3713 454 3786 in
483 3705 718 3811 quocumque
740 3701 867 3790 morbo
884 3712 1004 3811 magis
1019 3710 1186 3787 decoctis
1202 3714 1361 3782 utuntur.

181 3831 182 3836 ἵ
337 3845 441 3928 Magis
463 3865 558 3929 quam
580 3866 645 3931 qua
665 3845 721 3909 re?
763 3865 869 3908 nonne
891 3845 989 3908 etiam
1012 3843 1082 3906 aliis
1104 3835 1207 3904 modis
1230 3838 1360 3922 egregio

263 3954 372 4024 effectu
393 3960 604 4046 asphodelum
626 3961 770 4027 adhiberi
791 3962 861 4045 ipse
881 3961 1004 4024 Plinius
1031 3957 1150 4022 refert?
1172 3953 1361 4041 Legendum

265 4080 431 4158 estmcqi,
453 4097 587 4162 quorum
606 4077 638 4140 in
657 4076 707 4140 his
720 4077 808 4142 libiis
822 4076 937 4163 quibus
957 4076 998 4157 de
1011 4073 1362 4139 mediciua'herberum

206 4193 208 4198 ’
266 4190 376 4278 agian,
397 4193 549 4280 frequens
572 4203 622 4259 ast
643 4194 772 4260 mentio.

413 4327 416 4332 ·
465 4310 630 4386 Ibidem:¹
1139 4359 1145 4366 .
1332 4355 1339 4364 ,

310 4423 428 4506 Sucus
455 4403 604 4527 quoque
631 4485 639 4504 .
666 4484 676 4503 .
704 4483 713 4502 .
744 4425 840 4534 utilis
866 4429 905 4503 fit
935 4426 1103 4526 corporis
1131 4421 1251 4502 dolori
1277 4445 1361 4498 cum
1380 4392 1442 4457 4⁸1

311 4560 438 4650 nella
454 4559 554 4638 idem
580 4560 734 4637 odorem
767 4561 935 4665 corporis
959 4559 1161 4636 iucundum
1187 4553 1362 4632 allectan-

309 4694 404 4772 libus
429 4699 500 4773 etc.
