3567 5559
683 713 770 777 hibor
791 711 949 776 XXVIII.
1304 709 1365 780 163

705 961 749 1032 bt
769 981 810 1012 =
825 962 921 1046 6,17.
1387 999 1446 1068 6οί

294 1087 513 1180 (Prodest)
556 1085 807 1164 extremitates
844 1081 1011 1190 corporis
1047 1089 1247 1166 velleribus
1281 1109 1365 1191 per·

286 1221 436 1324 stringi
482 1227 610 1298 contra
637 1219 811 1298 horrores
860 1223 1054 1324 [corporis]
1096 1220 1363 1320 sanguinemve

287 1354 446 1433 uarium
488 1355 743 1442 immodicum,
783 1353 858 1430 linc
899 1353 960 1432 uel
998 1376 1154 1453 papprc¹
1185 1351 1365 1453 principia

288 1485 540 1584 genitalium,
580 1488 698 1566 femur
720 1476 883 1562 medium
916 1486 964 1562 ad
1003 1486 1213 1564 cohibenda
1239 1485 1363 1564 urinae

288 1616 499 1716 profluvia.
747 1620 753 1631 '

327 1750 488 1815 Mancam
511 1751 687 1815 oraticnem
710 1771 781 1814 csse
805 1749 1076 1835 et'impert'ectam
1099 1757 1254 1836 apparet,
1288 1771 1362 1816 nam

241 1867 338 1932 cuius
363 1869 446 1932 mali
476 1868 652 1931 remedium
682 1868 746 1933 lino
774 1868 967 1953 genitalibus
996 1867 1124 1952 alligato
1148 1868 1364 1932 contineretur

240 2004 386 2067 prorsus
410 1986 573 2072 legentem
606 1984 728 2050 latebat
759 1984 819 2047 nisi
843 2005 861 2046 a
883 1984 1044 2050 veteribus
1073 1985 1205 2049 medicis
1234 1986 1287 2070 qui
1323 1984 1363 2048 ab

241 2100 425 2168 Harduinc
448 2103 619 2167 laudantur
650 2101 858 2196 edoceremur
879 2107 991 2166 contra
1022 2104 1211 2187 sanguinem
1233 2101 1363 2168 naribus

242 2221 468 2301 profluentem
491 2223 607 2284 valere.
631 2219 680 2284 cf.
698 2219 840 2282 Marcell.
861 2218 981 2304 Empir.
994 2219 1035 2286 X.
1059 2242 1087 2305 p.
1101 2221 1141 2288 ab
1163 2221 1252 2286 alica.
1275 2222 1364 2285 idem

243 2336 347 2420 igitur
372 2359 452 2403 usus
475 2338 534 2403 fuit
567 2338 622 2401 lini
645 2358 683 2401 ac
715 2337 867 2400 vellerum
889 2338 1046 2422 lanaeque
1072 2338 1147 2403 licet
1178 2338 1240 2404 alic
1268 2338 1363 2402 mcdc
1465 2382 1470 2394 ,

247 2453 489 2539 impositorum,
511 2476 585 2519 nam
610 2455 691 2519 haec
706 2474 832 2539 quoque
845 2455 1034 2538 sanguinem
1048 2455 1080 2517 in
1101 2456 1231 2520 naribus
1253 2463 1285 2520 et
1306 2476 1362 2521 au·

245 2571 338 2636 ribus
361 2573 489 2656 sistunt,
512 2571 551 2639 cf.
575 2571 695 2635 XXIX.
718 2573 769 2653 31,
791 2573 840 2638 32.
863 2571 999 2636 Accedit
1010 2573 1201 2656 optimorum
1211 2573 1364 2637 librorum

248 2678 441 2756 auctcfitaa.
464 2691 608 2754 Alterum
629 2688 818 2753 vocabulum
841 2695 980 2769 corporis
1001 2709 1064 2752 non
1089 2689 1204 2774 legitur
1221 2690 1254 2754 in
1269 2689 1362 2773 VR¹‚

246 2805 280 2868 in
299 2808 422 2874 iisdem
456 2829 522 2878 ncn
542 2813 752 2886 sanquinemae
785 2807 938 2891 scriptum
967 2813 1074 2872 exstat
1101 2807 1158 2870 scd
1185 2814 1361 2885 sanquinem

248 2930 312 2999 cel;
346 2925 489 3010 deniqne
515 2929 672 2989 velleribus
702 2921 788 2998 rpc'te
817 2923 945 3008 quidem
974 2925 1082 2988 aSill.
1111 2931 1272 3010 receptum
1301 2932 1362 3006 est,

186 3095 190 3101 .
250 3041 309 3104 aed
344 3042 479 3128 vulgata
514 3042 608 3106 lectio
642 3047 688 3104 cel
718 3046 836 3103 uurirrm
878 3040 998 3104 codicis
1034 3041 1081 3104 R²
1127 3042 1285 3128 scriptura
1318 3029 1364 3106 vel

252 3165 381 3226 caribus
403 3160 662 3240 commendatur,
693 3178 776 3244 quae
798 3179 896 3241 quum
919 3164 966 3222 cel
984 3165 1102 3222 uterium
1124 3179 1196 3223 ease
1219 3158 1361 3241 deberet,

253 3278 441 3366 emarginc
470 3276 635 3361 archetypi
661 3276 732 3339 loco
760 3281 968 3360 praepostero
999 3275 1124 3340 inserta·
1148 3283 1205 3342 est.
1250 3279 1361 3362 Itaque

254 3396 383 3462 omissa.
397 3397 499 3461 altera
526 3413 605 3460 voce
628 3398 829 3472 corporisne
850 3393 923 3456 usui
952 3392 1081 3477 quidem
1102 3394 1265 3478 scriptoris
1287 3415 1362 3459 con·

255 3520 413 3578 acntanea
426 3521 519 3589 (nam
530 3531 608 3576 vocc
627 3510 793 3591 ‚horrores‘
804 3509 835 3572 in
847 3529 882 3572 re
896 3508 1022 3574 medica
1033 3510 1101 3575 sola
1112 3512 1228 3592 utitur)
1247 3512 1363 3580 lacuna

256 3626 300 3694 ita
321 3629 470 3718 expletur
492 3628 658 3694 facillime:

298 3759 409 3814 contra
430 3751 582 3824 horrores,
605 3754 713 3810 contra
732 3748 911 3822 sanpuInem
939 3751 997 3808 uel
1016 3750 1159 3810 cirrium
1179 3752 1225 3810 cel
1243 3751 1363 3810 narium

297 3872 487 3932 immodicum
507 3870 566 3929 linc
590 3870 636 3927 vet
651 3881 773 3944 papyro
790 3882 841 3942 pr.
862 3881 930 3939 pen.
953 3860 1009 3926 rel

707 4020 914 4103 74:721.
1383 4033 1448 4104 502

308 4152 541 4256 peculiariter
566 4150 667 4227 valet
706 4149 786 4242 (lac
812 4147 1023 4242 mulierum)
1067 4154 1192 4249 potum
1236 4155 1364 4226 contra

308 4311 455 4365 venena
480 4308 577 4384 qnae
603 4286 690 4360 data
714 4283 787 4358 sint
812 4283 991 4360 emarino
1015 4280 1160 4381 lepcre,
1187 4282 1364 4381 bupresti,

306 4429 348 4499 ut
373 4416 599 4498 Aristoteles
621 4413 743 4504 tradit,
769 4413 987 4513 dorycnion.

262 4565 328 4620 aaut
345 4554 395 4622 R’
424 4555 560 4634 bupresti
578 4549 625 4613 R²
648 4554 803 4628 bapruesti
829 4546 893 4627 V²‚
917 4552 1146 4626 prestimututim
1168 4545 1209 4610 R¹
1236 4550 1365 4624 praerii-

263 4679 389 4736 mutaiim
410 4670 470 4751 Vl,
500 4673 632 4748 bupresti
661 4671 794 4729 malatina
815 4662 853 4742 d,
887 4661 974 4727 unde
994 4665 1092 4727 Ianua
1112 4668 1305 4741 praeseribit,
1334 4676 1366 4726 ut

1110 4782 1149 4846 11
1162 4783 1179 4818 ⁸
