3567 5559
664 564 764 630 liber
785 565 884 631 XIV.
1272 561 1332 634 181

224 751 309 816 disse
321 749 447 829 modat,
473 749 559 816 inter
574 768 682 816 annos
694 746 856 816 DCGGX.
864 759 899 817 et
907 745 1145 816 ccccxviii.
1164 746 1268 813 libros
1290 747 1332 812 de

224 885 257 931 re
275 868 400 934 rustica
422 869 535 936 editos
554 889 633 936 esse
657 868 882 953 consequitur.
915 865 1071 933 Ceterum
1086 864 1330 947 distinguantur

222 997 347 1068 oportet
369 986 487 1051 vineta
503 985 713 1051 Palaemonis
736 985 780 1049 ad
798 985 961 1050 decimum
980 984 1126 1070 lapidem
1146 983 1212 1047 sita
1230 981 1329 1046 aNo·

223 1113 368 1168 uentano
389 1105 562 1185 Senecae,
586 1105 628 1168 dc
649 1122 715 1187 quo
735 1102 810 1186 ipae
825 1101 890 1186 Ep.
906 1101 976 1166 104.
997 1100 1151 1186 loquitur,
1173 1098 1262 1185 quod
1284 1099 1328 1164 ad

221 1223 537 1308 quartum-lapidem
558 1243 580 1288 a
601 1221 718 1288 Tacito
737 1221 825 1288 Ann.
839 1219 913 1286 XV.
924 1219 979 1289 60.
1002 1217 1195 1284 collocatur.
1228 1217 1326 1293 Quod

221 1339 246 1424 ς.
254 1341 302 1404 51.
322 1341 465 1408 aPlinio
481 1340 735 1408 commemorari
756 1340 914 1409 arbitror.
945 1340 1118 1425 Leguntur
1140 1337 1184 1403 ibi
1207 1335 1325 1422 vulgo:

638 1496 686 1570 51
700 1529 739 1563 =
753 1493 903 1568 ibidem.
1341 1522 1404 1589 232

264 1640 358 1705 tanto
387 1625 641 1731 praedii‘cius
667 1653 791 1705 amoro
815 1639 923 1728 capto
956 1625 1150 1728 (seneca)
1180 1636 1222 1701 ut
1251 1613 1325 1701 non

264 1768 420 1864 puderet
449 1767 570 1846 inviso
602 1765 691 1842 alius
717 1765 994 1865 (Palaemoni)
1030 1775 1068 1840 et
1094 1773 1323 1843 ostentaturo

265 1902 410 1978 trudere
434 1907 595 2006 palmum
620 1929 731 1996 eam,
760 1899 894 2001 emptis
913 1899 1192 2001 quadruplicato
1208 1901 1323 1980 niueis

265 2036 333 2113 illis
357 2048 423 2114 rel.

293 2173 337 2238 lbi
357 2178 459 2243 codd.
482 2177 526 2256 Τ,
548 2176 700 2242 Murbac.
723 2187 758 2240 et
779 2175 908 2241 Budaci
931 2173 982 2238 De
1004 2192 1071 2238 ass.
1095 2196 1126 2259 p.
1144 2169 1216 2236 614.
1237 2172 1323 2238 scri·

227 2288 294 2354 bunt
309 2292 392 2359 clius
411 2297 562 2386 regiones
581 2303 849 2370 elomentorum,
870 2291 989 2378 reliqui
1010 2312 1042 2356 v.
1065 2293 1211 2382 regiones
1231 2291 1322 2356 omit·

228 2414 296 2487 tunt,
315 2413 403 2496 qood
422 2413 608 2499 eproximu
626 2430 728 2477 versu
750 2410 837 2476 male
857 2409 925 2476 huc
946 2409 1200 2496 transscriptum
1222 2421 1322 2496 atque

228 2522 270 2588 uic
290 2534 571 2617 transponendum
595 2532 741 2596 videtur:

266 2645 360 2713 inuno
380 2652 468 2716 olias
489 2661 522 2715 ct
546 2656 748 2713 ostentaturo
772 2645 905 2710 trudere
924 2643 1070 2730 palmum
1091 2645 1274 2732 regionis.

298 2762 503 2834 Vocabulum
532 2768 619 2832 enim
655 2787 728 2829 eum
757 2761 982 2848 dittographia
1019 2781 1038 2826 c
1073 2761 1187 2846 primis
1224 2761 1321 2826 vicini

232 2883 325 2963 espa·
342 2885 461 2955 litteris
482 2898 591 2954 ortutn
613 2905 691 2950 esse
703 2883 900 2968 putaverim.
943 2881 1055 2945 Probe
1076 2888 1187 2945 autern
1207 2889 1320 2947 tenen·

231 2993 292 3062 dum
311 3016 370 3085 est,
392 3009 519 3093 optimo
537 3003 700 3070 codiceR
723 3014 756 3067 et
773 3001 830 3066 bic
855 3011 887 3066 et
908 3001 942 3065 in
964 2997 1125 3086 proximis
1144 2993 1238 3064 libris
1258 3018 1321 3064 nos

233 3112 350 3188 duriori,
392 3127 469 3193 Hoc
488 3127 589 3211 igitur
612 3124 690 3189 dicit
714 3122 852 3199 Plinius,
874 3121 1043 3186 Senecam
1064 3118 1096 3182 in
1119 3137 1162 3184 ca
1182 3117 1321 3203 regione

234 3250 313 3312 tuam
323 3255 354 3305 ct
367 3245 440 3328 ipse
457 3244 630 3321 incoleret,
641 3241 817 3325 primatum
830 3237 1022 3303 Palaemoni
1038 3237 1230 3321 tradidisse,
1240 3236 1321 3302 licet

235 3347 303 3418 banc
319 3380 457 3443 gnarum
480 3362 557 3428 lore
583 3372 619 3426 ut
639 3359 740 3426 homo
770 3379 877 3424 vanus
904 3366 939 3422 et
962 3357 1177 3441 arrogantiae
1199 3355 1324 3442 plenus

236 3466 334 3539 rictum
353 3498 374 3543 a
394 3503 435 3547 so
462 3497 580 3566 agrum
605 3475 736 3543 colendi
762 3474 903 3546 scientia
927 3474 1033 3540 virum
1062 3475 1248 3542 eruditione
1275 3495 1319 3542 ac

236 3595 361 3663 bonoria
379 3600 543 3684 insignem
564 3596 780 3684 gloriaretur,
809 3595 899 3682 quod
924 3593 1063 3679 praedia
1086 3596 1225 3681 egregia
1244 3604 1320 3661 arte

237 3706 427 3804 reddidisset,
454 3738 540 3805 quae
565 3737 607 3782 ne
629 3716 661 3779 in
683 3715 840 3801 pessimis
862 3714 995 3798 quidem
1017 3713 1234 3800 elegantioris
1255 3711 1319 3779 soli

239 3817 288 3886 dici
301 3849 431 3910 possent
448 3837 510 3902 ie.
534 3854 620 3922 quae
640 3831 695 3924 vel
718 3833 805 3896 inter
815 3830 961 3914 pessima
978 3829 1197 3896 deterioribus
1211 3849 1318 3896 annu·
1425 3843 1437 3862 ·

238 3951 371 4016 meando
389 3955 590 4019 viderentur.
633 3951 683 4014 lta
705 3949 791 4014 enirn
808 3947 1029 4032 explicandos
1050 3956 1104 4012 est
1117 3944 1318 4034 locus§.50‚

241 4050 335 4144 inquo
355 4069 498 4158 Silligius
519 4069 680 4136 immerito
700 4066 822 4134 haesit.

632 4240 682 4318 52
699 4236 897 4314 =ibidem.
1333 4273 1397 4341 233

280 4376 405 4464 qundo
441 4386 479 4453 ot
515 4384 644 4478 postea
676 4395 945 4474 saepenumero
980 4382 1156 4472 septenos
1190 4373 1317 4448 culeos

283 4501 405 4610 iugula
423 4515 556 4614 iugera
580 4511 687 4616 [boc
713 4519 788 4586 ast
815 4509 1059 4610 amphoras
1091 4519 1317 4586 centonas

284 4645 608 4750 turdrrgcuas]
632 4645 744 4724 musti
766 4644 919 4722 dedero.
