3567 5559
741 578 918 670 Metit-
1367 592 1390 657 ὅ

794 769 856 845 30.
1400 792 1422 857 2

346 900 403 970 De
421 902 708 968 obtrectatoribus
729 904 803 970 sive
819 904 1100 990 vitilitigutoribus
1121 906 1257 974 locutus
1277 909 1362 980 Cato

317 1022 500 1118 „Eorum
525 1029 588 1110 uit,
610 1046 681 1121 ego
709 1023 895 1099 orationes
922 1024 1013 1101 sibi
1037 1034 1275 1127 praeterec.“

347 1172 456 1237 Recte
471 1172 560 1237 enim
578 1153 727 1256 Silligius
740 1185 858 1258 spreta
874 1175 1131 1262 interpolatione
1147 1176 1287 1267 vulgata
1307 1181 1379 1246 sino

255 1287 496 1380 praeterfluere
518 1289 563 1353 ad
585 1290 737 1355 codicum
758 1290 933 1359 lectionem
955 1296 1067 1376 rediit,
1088 1318 1186 1384 quam
1206 1298 1256 1363 sic
1277 1298 1378 1364 inter·

260 1418 434 1493 pretatur:
455 1428 595 1491 „eorum
609 1428 673 1493 ego
686 1412 858 1478 orationes
875 1413 969 1479 sicco
991 1416 1079 1499 pede
1100 1423 1280 1501 praetereo
1303 1436 1378 1482 aas·

258 1548 329 1614 que
348 1547 416 1593 non
438 1507 520 1591 curo
541 1527 689 1612 ipsorum
709 1527 742 1594 in
764 1529 915 1609 luorum,
940 1534 1033 1619 quia,
1056 1536 1085 1599 si
1107 1552 1274 1612 curarem,
1294 1553 1376 1619 pes-

254 1647 344 1714 sima
367 1667 388 1712 a
409 1666 462 1711 me
481 1645 658 1712 habendae
679 1650 827 1718 essent“.
873 1649 920 1714 At
941 1672 1023 1718 vero
1047 1663 1080 1719 et
1100 1654 1276 1720 durissima
1296 1654 1374 1722 talis

252 1774 355 1831 esset
380 1774 553 1831 structura
582 1777 616 1831 et
638 1769 836 1835 sententiam
866 1768 1018 1835 efficeret
1045 1791 1066 1835 a
1087 1770 1225 1839 Catonis
1247 1784 1372 1855 mente,

251 1884 286 1950 si
309 1884 387 1970 quid
408 1883 520 1964 video,
541 1882 693 1952 alienam.
735 1886 855 1972 Neque
873 1888 960 1952 enim
981 1910 1097 1954 eorum
1120 1892 1296 1956 commoda
1318 1912 1372 1956 cu-

159 2050 169 2080 ,
249 2022 356 2068 rasse
384 2004 552 2087 putandus
578 2013 646 2082 est,
681 2025 768 2090 qnos
801 2007 902 2071 modo
937 1998 1041 2072 uerae
1076 2006 1184 2070 laudis
1213 2017 1371 2090 expertes

249 2123 505 2202 nominaverat,
527 2122 589 2187 sed
610 2122 673 2187 sibi
694 2123 807 2207 potius
828 2144 851 2189 a
872 2126 991 2210 quovis
1013 2144 1088 2190 cum
1110 2122 1288 2190 levissimis
1310 2124 1370 2191 ho·

256 2240 405 2306 minibus
434 2242 633 2306 commercio
663 2240 894 2307 abstinendum
921 2262 1000 2309 esse
1028 2239 1224 2312 declaravit.
1269 2244 1369 2320 Quod

248 2360 356 2447 igitur
367 2358 486 2426 Cicero
498 2361 544 2424 ita
554 2358 629 2425 fere
645 2348 890 2444 expressisset:
913 2383 1051 2443 „eorum
1064 2364 1235 2429 orationes
1253 2364 1367 2430 sciens

247 2477 308 2545 vel
327 2479 478 2563 prudens
500 2488 679 2565 praetereo
687 2486 709 2519 ‘⁶
731 2478 765 2544 id
786 2479 901 2565 prisco
924 2480 1029 2545 verbo
1055 2477 1139 2547 Cato
1160 2482 1293 2549 videtur
1315 2481 1366 2547 di·
1422 2488 1425 2495 ⁴

247 2599 362 2663 xisse:

293 2738 406 2781 comm
425 2738 483 2804 epo
504 2716 668 2779 orationes
688 2713 771 2778 sibe
790 2724 972 2803 praetereo.

247 2854 372 2919 Sibus
395 2852 494 2931 euim,
516 2863 553 2918 ut
575 2852 621 2916 ait
641 2851 766 2918 Paulus
787 2872 815 2919 s.
836 2874 885 2934 u,
918 2860 972 2915 est
993 2846 1134 2913 callidus
1154 2848 1216 2944 vel
1231 2859 1363 2915 acutus.

775 3037 835 3111 32.
1378 3057 1400 3124 3

301 3173 406 3275 Ergo
426 3173 551 3251 securi
573 3174 683 3250 etiam
707 3182 836 3251 contra
853 3150 1135 3273 vitilitigutores,
1158 3194 1252 3269 quos
1266 3168 1359 3249 Gato

298 3314 489 3413 eleganter
505 3337 555 3387 ex
568 3310 666 3388 vitiis
684 3322 722 3387 et
737 3310 981 3410 litigatoribus
996 3309 1203 3409 composuit
1225 3308 1359 3413 [quid

298 3449 523 3526 enim-illi
554 3449 683 3525 aliud
722 3472 850 3548 quam
889 3446 1085 3547 litigant
1117 3458 1193 3525 aut
1225 3448 1373 3523 litem*

296 3584 580 3689 quaerenti]
609 3609 860 3684 exsequamur
881 3583 1026 3682 reliqua
1049 3584 1244 3683 propositi.

328 3736 446 3803 Verba
465 3739 500 3802 in
527 3738 723 3823 parenthesi
744 3737 856 3821 posita
882 3734 982 3801 valde
1008 3733 1194 3819 displicent.
1238 3734 1356 3821 Neque

248 3859 333 3923 euim
354 3860 543 3944 quicunque
563 3857 693 3942 litigant
718 3853 984 3937 reprehensione
1011 3853 1101 3938 digni
1125 3861 1219 3935 suut,
1250 3852 1313 3917 sed
1334 3852 1356 3917 ii

247 3984 369 4040 tantum
387 3977 444 4062 qui
465 3977 606 4043 vitiosae
627 3974 831 4061 petulantiae
850 3973 1011 4055 serviunt,
1029 3992 1139 4057 neque
1154 3968 1356 4037 vocabulum

243 4094 480 4185 uitilitr'qctores
500 4097 563 4161 sed
574 4092 824 4160 usitatissimum
841 4091 1020 4181 litigatores
1033 4090 1231 4177 explicatur.
1255 4091 1355 4167 Quod

242 4233 326 4280 sane
345 4216 481 4279 minime
501 4216 690 4300 oportebat.
733 4213 875 4280 Accedit
896 4211 985 4297 quod
1005 4212 1039 4275 in
1050 4211 1221 4297 plerisque
1242 4221 1276 4277 et
1296 4230 1354 4275 an·

239 4332 437 4419 tiquissimis
457 4335 631 4403 codicibus
652 4356 719 4401 non
732 4332 855 4399 illised
868 4330 953 4395 illud
973 4331 1143 4397 scribitur.
1180 4330 1248 4395 lam
1268 4349 1351 4395 vero

240 4452 322 4519 nihil
352 4451 564 4539 frequentius
593 4454 818 4536 factumest,
849 4469 949 4536 quam
978 4458 1015 4515 ut
1044 4448 1222 4535 glossulis,
1254 4470 1352 4535 quae,

243 4590 341 4656 quom
361 4574 398 4639 iu
418 4573 606 4663 archetypo
627 4574 702 4641 sive
727 4572 772 4639 ad
794 4570 978 4657 marghrem
1004 4568 1077 4637 siva
1105 4588 1210 4655 supra
1231 4566 1352 4634 lineum
