3567 5559
702 554 803 621 liber
819 556 879 621 11.
1304 562 1346 630 lt)

312 743 426 819 Quum
439 738 555 807 ultima
565 740 671 805 verba
685 740 864 809 manifesto
886 744 931 809 ad
954 744 988 809 io
999 755 1132 830 tempus
1143 750 1342 833 pertineant,

217 884 293 951 quo
306 880 428 927 saxum
442 858 486 923 (le
495 856 595 923 eaelo
607 858 779 944 delapsum
791 871 846 927 est
854 861 1094 949 (os.Plut.Lys.
1103 864 1152 931 lli.
1162 876 1196 931 et
1204 868 1344 957 interpp.

218 983 267 1048 ad
283 980 410 1047 chron
424 978 504 1045 Par.
519 997 572 1063 ep.
584 976 659 1061 51),
687 978 733 1042 ita
752 988 790 1044 ut
810 1001 900 1045 nuno
921 980 1053 1067 quidem
1072 980 1229 1069 leguntur
1248 986 1343 1055 salva

219 1110 398 1169 structura
420 1114 586 1163 essenon
608 1105 732 1181 potest.
765 1097 886 1187 Neque
897 1100 1075 1167 verisimile
1091 1112 1145 1169 est
1155 1104 1261 1171 verba
1275 1103 1345 1195 Qui

220 1216 464 1308 hyspaniam
485 1224 607 1298 postea
621 1234 642 1278 a
656 1214 763 1280 Plinio
785 1218 924 1302 margini
946 1220 1120 1306 adscripta
1131 1242 1223 1305 esse,
1239 1244 1340 1309 quum

218 1339 323 1404 hano
345 1334 473 1420 quidem
494 1334 611 1418 operis
633 1342 761 1418 partem
783 1335 857 1420 ipse
876 1335 994 1420 procul
1013 1338 1112 1405 dubio
1134 1340 1293 1422 ediderit'
1306 1352 1341 1409 et

222 1454 337 1542 panai
346 1451 409 1517 looi
421 1452 467 1515 ita
476 1460 603 1515 tantum
614 1450 750 1538 intelligi
763 1471 805 1519 ao
821 1452 957 1519 defendi
970 1455 1111 1538 possint,
1126 1467 1164 1523 ut
1175 1468 1254 1544 post
1265 1459 1340 1527 eius

226 1572 355 1640 obitum
366 1589 387 1634 a
400 1569 550 1653 margine
562 1568 597 1633 in
616 1571 777 1638 orationis
795 1582 989 1639 contextum
1010 1574 1139 1657 recepti
1154 1574 1338 1645 videantur.

222 1690 289 1757 ffis
310 1685 448 1755 aceedit
469 1687 559 1771 qnod
578 1684 727 1773 reliquos
748 1709 880 1775 quoque
899 1688 1033 1773 lapides
1058 1710 1121 1756 sna
1143 1704 1256 1762 aetate
1278 1714 1338 1763 ax·

222 1818 323 1874 stare
343 1814 504 1871 aoourate
524 1805 683 1871 narravit.
725 1806 840 1893 ltaque
860 1818 1013 1892 praestat
1034 1807 1078 1872 ad
1101 1814 1339 1898 transpositio-

222 1948 305 1995 nem
325 1923 511 2010 eoniugere
533 1922 712 2009 locumque
734 1925 780 1990 ita
802 1923 1025 1991 constituere:

266 2083 309 2098 -
322 2021 625 2132 odAegosflumea,
646 2049 768 2107 comete
787 2063 915 2134 φιοφιε
935 2040 999 2106 illis
1010 2040 1338 2137 aoctibuofluqruate.

270 2162 345 2249 Qui
363 2161 445 2248 lapis
464 2158 522 2226 rel.

227 2280 392 2349 Similiter
400 2279 429 2366 §.
438 2276 506 2344 133.
516 2280 650 2366 priores
672 2298 796 2345 sensus
813 2288 1035 2365 praepostero
1056 2280 1172 2349 ordine
1183 2280 1251 2370 legi
1265 2282 1337 2350 Pin·

225 2401 339 2466 tianns
358 2397 495 2464 monuit.

641 2514 920 2611 151=59‚60.
1284 2604 1286 2609 ,
1352 2526 1395 2593 26

277 2668 394 2745 Fiunt
416 2678 537 2744 autem
568 2668 725 2768 (oreas)
756 2666 878 2742 hieme
903 2669 1062 2745 maxime
1090 2671 1135 2745 ab
1162 2670 1336 2771 aequino-

275 2806 349 2883 etio
370 2804 571 2881 autumnali
597 2803 658 2879 die
681 2803 946 2901 decrescente;
979 2829 1051 2903 quo
1076 2830 1209 2881 rursus
1236 2830 1336 2882 cres·

275 2954 385 3019 ceute
400 2942 446 3016 ab
459 2938 691 3041 aequinoctio
705 2963 821 3017 verno
841 2963 917 3014 non
941 2938 1127 3047 exsistunt
1147 2962 1218 3015 nee
1236 2938 1337 3015 circa

278 3076 476 3151 solstitium
493 3075 712 3176 longissimis
739 3073 883 3168 diebus,
911 3063 1042 3149 bruma
1058 3099 1150 3153 vero
1172 3072 1242 3178 [id
1264 3084 1337 3151 est

278 3209 596 3316 brevissimis]
622 3212 850 3312 frequentes.

309 3362 370 3429 Sia
395 3382 416 3427 e
443 3362 518 3431 cod.
538 3363 571 3427 R
591 3360 756 3447 siligine,
785 3361 819 3426 in
845 3360 890 3425 ari
918 3370 953 3425 et
983 3362 1119 3447 vulgata
1142 3360 1336 3427 annuant

224 3481 338 3547 «liebus
356 3480 489 3566 legitur.
536 3482 722 3565 Utrumque
743 3478 842 3547 falso.
893 3478 980 3543 Nam
1003 3500 1102 3565 quum
1123 3480 1250 3547 Plinius
1271 3479 1336 3546 ale-

224 3613 344 3684 ganter
365 3611 402 3667 et
424 3602 603 3687 perspicue
626 3600 813 3667 orationem
833 3598 881 3663 ita
901 3598 1096 3682 variaverit,
1120 3608 1157 3663 ut
1177 3598 1334 3687 longissi·
1407 3672 1409 3679 ¹

223 3740 298 3785 mos
320 3719 395 3785 oles
418 3719 511 3784 oiroa
532 3716 708 3785 solstitium
735 3719 872 3784 brumae
893 3728 1094 3802 opponeret,
1115 3717 1335 3800 interpolator

224 3858 299 3903 rem
319 3838 454 3904 adieota
475 3836 626 3925 glossula
646 3835 709 3921 „ivl
727 3844 776 3901 eat
791 3833 986 3900 lrwissimis
1007 3835 1146 3901 ‹liebus“
1166 3834 1335 3899 illustran-

226 3954 404 4022 damasso
424 3956 608 4021 arbitratus
628 3966 690 4023 est.
731 3957 761 4039 §.
775 3952 846 4020 157.
867 3963 927 4019 aut
949 3974 1023 4020 oum
1035 3950 1239 4019 Ruhnkenio
1258 3944 1336 4037 effo-

225 4072 322 4138 ditur
340 4083 395 4139 aut
416 4075 549 4138 eruitur
568 4073 782 4139 scribendum
804 4082 867 4140 est.

639 4224 921 4321 moenam.
1082 4225 1088 4235 ·
1353 4196 1434 4297 or*

272 4376 445 4478 Namque
465 4375 504 4451 in
524 4376 586 4453 illo
609 4377 760 4483 (eoem)
787 4401 876 4455 aava
897 4377 936 4453 in
958 4402 1001 4452 se
1026 4375 1241 4453 convexitas
1253 4401 1336 4455 ver·
1397 4380 1406 4403 *

272 4513 327 4613 git
351 4522 393 4589 et
417 4513 559 4589 cardini
584 4538 653 4591 suo
684 4512 793 4617 [hoo
824 4521 896 4590 ost
927 4510 1103 4614 terrae]
1139 4510 1336 4601 incumbit3
1431 4610 1465 4627 ,ι

1080 4659 1127 4721 2*
