3567 5559
441 535 486 604 88
904 531 1006 598 Liber
1027 531 1093 598 Vl.

441 719 650 786 ammonam
689 718 864 786 connubiis
905 718 1014 787 coacti
1035 725 1237 786 uterentur.
1288 715 1454 802 Lepidam
1483 714 1544 782 lle·

442 837 555 905 rodoti
584 837 812 904 narrationem
838 836 1098 922 lv.110sqq.,
1139 835 1317 902 Strabonis
1349 835 1545 902 dissertatio.

445 978 523 1024 nem
545 957 603 1022 ΧΙ.
627 978 658 1042 p.
674 957 747 1022 not.
768 968 804 1022 ut
822 957 981 1035 omittam,
1000 975 1100 1021 unum
1122 974 1141 1020 e
1164 953 1296 1037 Periplo
1322 955 1420 1021 Ponti
1438 954 1545 1020 Euxini

444 1099 478 1162 p.
497 1075 531 1144 1.
556 1075 665 1140 locunt
691 1096 767 1140 cunr
788 1074 960 1140 Harduino
983 1072 1135 1139 attulisse
1157 1071 1320 1157 sufficiet,
1348 1075 1406 1140 ubi
1434 1075 1547 1140 diserte
1606 1095 1607 1108 ¹

447 1194 686 1261 commercium
717 1193 795 1260 illud
829 1215 894 1280 quo
922 1193 1098 1258 Sarmatae
1125 1212 1200 1257 cum
1227 1191 1455 1259 Amazonibus
1482 1213 1549 1256 cou-

445 1312 536 1396 iungi
559 1310 821 1398 perhibebantur
853 1331 959 1376 eausa
984 1309 1191 1394 cognominis
1218 1311 1433 1396 ignominiosi
1455 1311 1550 1376 fuisse

447 1431 596 1495 traditur.
640 1428 772 1506 Τούτοις
793 1426 827 1496 dl
847 1431 1058 1516 ε’πιμεμῒχβαι
1080 1427 1138 1506 τὰς
1154 1427 1336 1516 Ἀμαζόνας
1358 1437 1425 1508 τοῖς
1444 1444 1551 1514 Europo-

445 1546 564 1633 μόναις
578 1547 744 1634 λέγουσιν,
766 1548 931 1627 ἐλθούσας
952 1545 1024 1615 rrorh
1045 1547 1109 1614 ἀπὸ
1127 1549 1181 1631 τῆς
1195 1547 1263 1636 περὶ
1281 1545 1553 1637 τὸν-Θερμώδοντα

444 1665 619 1752 wimadi&
631 1666 763 1754 μάχης·
786 1667 836 1754 ἐφ’
862 1661 920 1746 οἷς
939 1667 1163 1752 &exhibeantur
1180 1670 1211 1734 οἱ
1226 1670 1434 1758 Σαυρομάται
1446 1680 1552 1736 Ρυναι·
1608 1691 1609 1706 ¹

445 1784 708 1872 aoxoarodpsooa
747 1786 800 1853 cf.
814 1787 954 1876 Dionys.
970 1788 1103 1874 Perieg.
1119 1788 1191 1856 656.
1245 1789 1441 1875 Requiritur
1464 1785 1555 1870 igitur

446 1905 537 1991 apud
561 1905 703 1971 Plinium
726 1907 891 1991 particula
915 1928 979 1995 qua
1003 1919 1141 1993 propter
1163 1891 1371 1973 Amazonum
1395 1902 1556 1972 connubia

447 2024 622 2090 Sarmatas
645 2026 691 2090 ita
714 2026 907 2110 appellatos
933 2047 1011 2092 esse
1036 2028 1211 2092 indicetur.
1256 2027 1385 2102 Quodsi
1406 2045 1494 2091 vero
1512 2040 1556 2086 re·

447 2143 638 2228 putaveris,
665 2165 764 2230 quam
790 2144 890 2210 facile
912 2144 1015 2230 longo
1044 2156 1076 2210 et
1096 2144 1228 2211 insolito
1251 2144 1419 2211 vocabulo
1450 2139 1558 2210 similis

447 2261 611 2344 quaedam
636 2260 822 2324 ultimarum
847 2261 1032 2326 litterarum
1057 2263 1179 2327 vocula
1204 2264 1380 2328 absorberi
1406 2259 1560 2346 potuerit,

448 2386 481 2440 et
508 2386 633 2460 quanta
660 2377 746 2439 inter
773 2375 924 2461 syllabas
955 2399 993 2441 oe
1022 2388 1055 2443 et
1083 2377 1121 2443 ob
1154 2379 1343 2444 intercedat
1370 2379 1560 2456 similitudo,

446 2494 502 2557 vix
514 2493 679 2558 dubitabis
700 2493 778 2578 quin
800 2495 889 2578 apud
911 2495 1050 2561 Plinium
1071 2497 1287 2563 scribendum
1304 2519 1381 2563 esse
1398 2517 1561 2563 censeas:

492 2648 531 2661 -
557 2609 925 2697 Gynaemcratumeaae
946 2613 991 2678 ab
1013 2616 1219 2679 Amazonum
1241 2615 1415 2680 connubia.

370 2762 431 2827 118
900 2751 948 2840 25
964 2788 1000 2819 =
1015 2751 1052 2846 9,
1066 2752 1104 2827 9.

499 2887 678 2963 Armenia
703 2897 828 2962 autem
852 2887 969 2965 maior
985 2941 995 2963 .
1012 2941 1050 2964 ..
1075 2887 1270 2989 Euphrate
1297 2913 1416 2984 amne,
1444 2897 1488 2964 ut
1512 2884 1559 2960 di

500 3036 600 3101 ctum
627 3035 703 3119 est,
730 3025 899 3100 aufertur
926 3023 1185 3126 Cappadociae
1213 3035 1268 3121 et,
1308 3049 1381 3126 qua
1406 3019 1558 3100 discedit

499 3161 726 3261 Euphrates,
748 3161 1055 3258 Mesopotamiae,
1071 3161 1169 3237 haud
1192 3161 1311 3237 minus
1337 3161 1438 3238 claro
1461 3180 1559 3235 amne

502 3296 622 3393 Tigri.
776 3283 781 3290 ’
1267 3291 1270 3299 ’

534 3428 642 3503 Quum
670 3448 794 3494 sensus
820 3430 999 3494 verborum
1027 3426 1204 3492 manifesto
1228 3429 1272 3494 sit
1297 3432 1489 3509 „Armenia
1509 3450 1559 3494 au·

449 3549 557 3612 fertur
578 3546 751 3630 Euphrate
771 3544 1031 3632 Cappadociae,
1054 3545 1147 3631 Tigri
1168 3547 1482 3639 Mesopotamiae“‚
1508 3569 1559 3614 ne·

449 3668 524 3731 scio
542 3686 604 3730 cur
624 3665 725 3751 vulgo
742 3677 821 3750 post
832 3665 1086 3753 Mesopotamiae
1100 3665 1365 3754 interpungatur.
1386 3672 1558 3742 Artissime

450 3783 537 3851 enim
561 3785 805 3872 coniungantur
827 3795 962 3872 oportet
991 3784 1246 3872 Mesopotamiae
1267 3786 1368 3856 haud.

371 3922 434 3987 1¹9
895 3921 1124 4018 28:210.

501 4062 721 4137 Adiabenen
754 4060 881 4159 Tigris
915 4069 954 4134 et
985 4069 1129 4134 montes
1162 4061 1251 4140 invii
1285 4061 1447 4162 cingunt.
1506 4053 1558 4132 Ab

500 4197 606 4272 laeva
632 4196 714 4273 eius
736 4195 840 4293 regio
856 4194 1055 4269 Medorum
1082 4207 1139 4272 est
1167 4207 1213 4272 et
1238 4207 1474 4300 prospectus
1496 4193 1557 4268 Ga·

504 4330 576 4431 spii
602 4330 714 4405 maris
740 4321 831 4403 rel(

483 4543 502 4564 ὓ
535 4465 713 4552 Vulgatam
734 4466 823 4530 hanc
846 4465 1062 4550 scripturam,
1085 4485 1183 4550 quam
1205 4467 1353 4553 Silligius
1374 4466 1556 4550 retinniat

454 4589 549 4658 codd.
569 4587 658 4658 Mes.
681 4585 725 4651 de
748 4584 869 4671 quibus
894 4582 1020 4651 certius
1048 4593 1181 4651 constat
1208 4605 1295 4654 uuus
1316 4587 1343 4652 P
1364 4588 1556 4673 (Monacen-
