3567 5559
440 729 503 800 224
772 687 784 812 s
876 733 964 794 crau
985 733 1120 796 xxxx.

442 948 540 992 manu
567 915 746 992 rectissime
774 927 807 990 iu
841 933 940 990 urceis
969 935 1145 990 correctam
1183 926 1223 989 ab
1259 932 1399 1009 utroque
1432 923 1546 988 editore

443 1043 614 1108 contemni.

359 1155 421 1221 768
849 1126 1155 1216 lbide111=b‚21.

493 1257 635 1335 Eretria
657 1301 698 1316 -
715 1259 842 1359 explet
854 1259 1018 1348 vulnera,
1047 1259 1077 1334 si
1093 1265 1284 1356 coquatur,
1312 1257 1362 1332 ad
1381 1256 1549 1332 siccanda

488 1389 597 1479 utilia,
625 1392 824 1490 praecipua
850 1399 886 1468 et
914 1392 1043 1492 capitis
1070 1390 1262 1468 doloribus
1290 1395 1328 1464 et
1345 1390 1395 1464 ad
1424 1390 1550 1488 depre

491 1522 691 1597 tendenda
719 1547 827 1622 pura3
855 1525 1013 1601 subesse
1041 1524 1137 1599 enim
1164 1546 1209 1596 ea
1234 1520 1483 1622 intellegunt,
1519 1520 1549 1594 si

492 1678 538 1729 ex
565 1677 661 1753 aqua
686 1653 776 1731 illita
803 1680 876 1734 non
905 1665 1059 1733 arescat.

527 1786 605 1852 Ood.
627 1785 655 1852 B
677 1809 774 1872 quum
796 1790 900 1873 prima
921 1788 1078 1853 vocabula
1099 1788 1225 1852 inverso
1244 1786 1357 1850 ordine
1384 1794 1418 1850 et
1438 1787 1470 1849 iu
1490 1785 1550 1848 line

442 1926 592 1968 versuum
616 1913 765 1990 corrupta
786 1906 832 1969 ita
853 1905 1019 1970 exhibeat:
1043 1913 1141 1985 replet
1159 1911 1284 1968 uolnera
1307 1910 1335 1966 εἰ
1357 1917 1515 1982 coquatur.
1529 1907 1542 1968 ll

443 2019 650 2086 ud'rr'ccandu
665 2029 893 2104 praecurritur.
923 2023 987 2108 legi
1010 2031 1260 2087 consentaneum
1284 2029 1348 2086 est:
1372 2044 1397 2088 e.
1421 2027 1551 2098 vulnera,

441 2146 469 2202 ri
489 2153 639 2218 coquatur
660 2147 703 2204 ud
721 2147 869 2204 riccundn
888 2147 1070 2221 praecipua,
1093 2146 1172 2203 utilis
1195 2153 1223 2202 et
1245 2161 1268 2202 o.
1290 2146 1317 2202 d.
1343 2139 1434 2202 Idem
1458 2159 1550 2224 quum

443 2278 507 2321 non
530 2265 606 2321 illitu
629 2259 686 2354 sed
708 2265 836 2322 inlinunt
856 2259 991 2340 habeat,
1014 2277 1078 2321 nou
1100 2257 1195 2322 Plinii
1215 2257 1291 2320 vitio
1313 2257 1457 2320 dandum
1481 2275 1552 2318 esse

443 2375 586 2459 sequitur
607 2371 697 2460 quod*
714 2376 919 2462 Hippocratis
944 2376 983 2439 de
1005 2375 1124 2438 morbis
1144 2376 1257 2441 111.27
1279 2381 1456 2459 praecepto
1478 2393 1550 2436 con-

444 2490 598 2555 tradicere
620 2493 756 2575 videtur,
778 2494 836 2558 sed
857 2495 1058 2558 librariorum
1077 2493 1175 2556 errori
1195 2492 1249 2577 qui
1271 2492 1370 2555 verba
1393 2491 1551 2576 quaedam

443 2602 581 2695 proximi
602 2610 762 2674 simillima
778 2612 963 2676 omiserunt.
992 2610 1207 2695 Hippocrates
1229 2609 1313 2672 enim
1335 2609 1418 2672 haec
1441 2607 1551 2672 tradit:
1626 2582 1627 2604 Χ

443 2728 581 2818 χλιάρην
604 2723 777 2812 ἕπιβάψας
800 2726 941 2795 terrra»
963 2728 1095 2808 λεπτόν,
1117 2726 1352 2812 περικάλυψον
1368 2725 1473 2813 adalp
1495 2726 1553 2790 τὸν

345 2857 347 2861 ’
443 2845 591 2930 θώρηκα·
623 2845 718 2910 καὶ“
701 2870 780 2911 onoc
804 2843 846 2910 dlv
867 2871 1003 2932 πρωτον
1025 2850 1124 2933 ξηραί
1123 2871 1236 2932 uncae,
1263 2845 1366 2932 ταύτῃ
1389 2845 1458 2964 χρὴ
1472 2845 1552 2927 τάμ-

444 2986 524 3028 νειν.
547 2945 643 3026 Unde
665 2962 814 3026 coniunot
815 2983 834 3026 a
847 2961 1096 3049 Bambergensis
1116 2963 1374 3048 reliquorumque
1399 2921 1553 3048 scriptura

445 3087 526 3143 inlito
548 3101 608 3144 noa
630 3086 662 3144 et
682 3086 814 3143 rnlr'nurrt
835 3103 893 3144 non
918 3082 1053 3147 efficitur
1075 3082 1247 3168 legendum
1270 3101 1356 3144 esse:
1380 3088 1413 3144 rr'
1422 3102 1462 3144 ea·
1477 3103 1554 3160 aquo

378 3212 382 3222 ’
445 3202 518 3260 illito
541 3204 696 3260 linteum
719 3211 848 3263 urerent.
921 3195 923 3199 ⁸

238 3334 243 3341 “
283 3343 287 3346 ’
362 3313 425 3382 769
887 3323 933 3394 dl
961 3342 1001 3372 ἱ·-
1029 3323 1124 3406 635.

496 3449 750 3523 Atramentum
765 3471 914 3547 quoque
934 3449 1029 3526 inter
1043 3450 1209 3528 facticios
1228 3451 1304 3540 erit,
1334 3472 1554 3548 quamquam

496 3586 552 3656 est
580 3586 615 3656 et
641 3587 759 3656 terrae
785 3583 957 3679 geminae
979 3557 1133 3683 originis

445 3712 535 3799 ἣτις
557 3718 613 3778 καὶ
639 3713 762 3800 γεώδης
788 3711 900 3793 ἐστίν,
933 3716 1138 3780 Dioscorides
1166 3715 1268 3804 inquit
1290 3714 1328 3778 V.
1352 3717 1430 3796 117,
1461 3725 1555 3800 atque

446 3841 564 3896 terram
600 3832 754 3916 appellari
788 3852 851 3896 non
877 3854 975 3917 posse
1010 3854 1106 3918 quum
1149 3840 1215 3915 ‚aut
1239 3831 1424 3916 'salsuginis
1463 3833 1554 3896 modo

448 3968 599 4010 emanare
622 3957 677 4013 aut
698 3956 784 4013 terra
805 3949 885 4034 ipsa‘
912 3991 944 4000 -
973 3949 1107 4031 dicatur,
1131 3950 1195 4015 Sill.
1219 3957 1306 4014 recte
1322 3950 1554 4014 animadvertit.

374 4113 378 4120 ,
447 4066 497 4126 Ita
519 4071 625 4128 autem
648 4067 772 4132 variant
793 4068 880 4131 libri:
906 4079 1005 4130 terrae
1028 4070 1069 4148 B,
1092 4079 1171 4130 terre
1191 4067 1231 4150 R,
1254 4081 1336 4130 terra
1358 4067 1433 4132 Vd.
1479 4067 1553 4153 Legi

446 4181 543 4267 igitur
565 4189 705 4266 oportet:
728 4198 876 4250 terrena.

364 4346 426 4414 770
897 4309 1109 4394 48=2aa

497 4432 708 4534 Appianum
735 4477 780 4490 -
807 4433 847 4510 lit
871 4445 908 4512 et
935 4445 1035 4514 creta
1060 4435 1187 4528 viridi,
1221 4438 1452 4512 aestimatum
1479 4460 1553 4513 ses-

498 4566 614 4644 tertiis
640 4567 677 4644 in
703 4564 826 4643 libras.
1135 4674 1145 4690 „
1486 4553 1493 4584 '

532 4700 636 4766 Recte
657 4700 710 4764 ille
733 4699 876 4784 quisquis
898 4707 947 4765 est
970 4700 1135 4766 hominum
1157 4701 1323 4766 doctorum
1345 4703 1399 4786 qui
1420 4722 1441 4765 a
1463 4705 1551 4768 nur·
