3567 5559
702 533 804 600 Liber
826 535 889 602 VI.
1289 539 1350 606 lll

234 735 356 791 matam
375 724 550 810 perveniri
569 721 690 808 potuit,
709 739 810 807 quum
829 719 921 786 nullo
941 720 1076 815 llumiue
1096 724 1254 808 regiones
1274 724 1350 792 ibas
1430 727 1437 744 “

232 844 367 932 irrigari
390 839 586 908 constaret?
628 841 846 924 Quapropter
865 839 1012 908 ultimum
1036 843 1156 928 dequo
1170 841 1274 910 locuti
1295 865 1350 910 su·

232 984 305 1028 mus
328 959 533 1027 vocabalum
560 958 649 1023 band
677 958 777 1022 dubie
802 971 995 1044 corruptum
1021 973 1074 1027 est
1099 958 1231 1046 syllaba
1257 981 1300 1024 ne
1330 981 1349 1026 e

232 1079 400 1163 proxima,
427 1100 499 1141 aaa
522 1098 541 1141 e
563 1078 676 1162 priore
698 1097 784 1143 voce
805 1097 891 1163 qnae
919 1080 952 1142 in
974 1101 1030 1144 am
1054 1079 1185 1156 desinit,
1210 1088 1348 1158 temore,

230 1208 269 1264 ut
288 1197 436 1275 videtur,
457 1196 618 1280 repetita,
640 1207 675 1262 et
690 1199 780 1284 quod
803 1197 966 1282 reliquum
990 1209 1042 1264 est
1065 1199 1154 1286 patio
1175 1196 1231 1262 vel
1251 1196 1350 1286 ipatio

230 1317 265 1380 in
284 1317 392 1401 spatio
412 1316 617 1385 mutandum.
662 1317 751 1392 Quia
772 1336 875 1400 porro
898 1315 1008 1382 alieno
1029 1315 1214 1384 locobaee
1238 1317 1348 1384 omitia

230 1435 365 1500 inserta
378 1455 456 1501 esse
473 1437 659 1516 docuimus,
680 1436 791 1522 aptior
809 1435 921 1502 nullus
943 1436 1082 1520 reperiri
1106 1436 1228 1522 poterit
1250 1456 1348 1522 quam

232 1553 335 1637 spatii
357 1555 448 1638 quod
470 1555 557 1620 inter
581 1555 713 1621 Petram
736 1570 770 1620 et
792 1553 1065 1621 Characenorum
1085 1575 1224 1643 regnum
1244 1558 1347 1622 inter-

230 1673 333 1755 iacet,
355 1673 550 1758 descriptio.
580 1673 788 1740 Pervenerat
810 1676 920 1739 antem
945 1674 975 1760 §.
989 1673 1057 1748 lto„
1075 1673 1197 1740 Plinius
1215 1675 1347 1741 aPetra

230 1813 342 1878 usque
364 1792 396 1856 in
421 1794 549 1858 mediae
571 1791 780 1870 solitudinem
802 1803 882 1877 post
908 1812 993 1877 quas
1020 1793 1055 1856 in
1079 1793 1251 1876 Pasitigris
1272 1796 1347 1878 ripa

229 1913 392 1996 oppidum
416 1912 573 1991 nominat,
594 1913 684 1998 quod
707 1923 742 1978 et
762 1913 871 1997 ipsum
890 1911 991 1978 sicuti
999 1909 1164 1977 Thumata
1176 1910 1347 1976 Charace-

227 2053 353 2098 norum
379 2031 453 2114 regi
481 2031 632 2115 parebat.
685 2030 747 2096 Hic
768 2031 880 2116 igitur,
904 2040 1081 2114 antequam
1104 2029 1227 2116 Tigrim
1251 2031 1346 2094 attin·

226 2162 350 2234 geret,
370 2150 566 2215 'l'lrumatam
590 2171 724 2236 quaque
749 2152 944 2216 nominasse
973 2148 1141 2233 putandus
1164 2159 1225 2214 est.
1271 2149 1346 2224 Quo

227 2269 362 2353 posito,
377 2277 411 2330 et
421 2270 448 2333 si
458 2290 520 2354 pro
540 2267 616 2332 alea
636 2269 724 2355 quod
734 2269 766 2334 in
779 2267 897 2334 eadit
907 2277 1036 2346 exstat,
1051 2267 1231 2354 scripseris
1245 2267 1345 2349 abeat,

229 2385 314 2451 talis
335 2389 440 2452 oratio
463 2410 575 2453 rerum
598 2388 729 2453 veritati
750 2409 901 2473 congrua
924 2387 1062 2453 evadet:
1206 2445 1208 2452 a

272 2502 315 2568 A
333 2506 437 2569 Petra
464 2505 630 2571 incaluere
652 2504 777 2572 Omani
801 2506 846 2570 ad
868 2504 1050 2571 Characem
1075 2527 1195 2600 aspar,
1223 2507 1345 2593 oppidio

272 2624 443 2720 mandam
464 2623 563 2689 elaris
580 2649 601 2689 a
615 2623 835 2692 Semiramide
855 2625 1004 2722 conditis,
1026 2625 1213 2690 Bcsaaaiaa
1234 2632 1266 2687 et
1287 2621 1345 2688 Sc·

272 2744 401 2815 raetia:
425 2766 515 2807 nanc
535 2743 826 2808 cantualitadines.
847 2745 942 2809 Mox
966 2743 1221 2809 Damattham
1243 2740 1346 2835 qaod

272 2862 386 2928 abest
411 2886 432 2924 a
454 2863 577 2926 Petra
605 2864 643 2928 X
661 2864 817 2927 dieram
840 2864 972 2949 spatio
993 2861 1261 2949 aequilateres
1282 2857 1345 2922 di-

272 2991 375 3046 emnt
398 2978 739 3047 Characenorum
767 2982 857 3070 reqi
872 3003 1026 3068 parere.
1071 2975 1202 3044 Deinde
1223 2987 1271 3040 cst
1292 3001 1345 3064 op·

271 3099 387 3188 pidum
408 3098 496 3193 qaod
519 3097 787 3164 Characenorum
808 3101 879 3189 rapi
891 3108 987 3186 paret
1012 3098 1048 3161 in
1067 3097 1238 3186 Pasitiqrie
1260 3097 1345 3184 ripa,

275 3217 370 3282 Fora
390 3217 535 3295 momine,
556 3218 593 3278 in
611 3218 698 3312 quaed
720 3241 741 3280 a
758 3219 861 3283 Petra
883 3216 1084 3282 conveniant
1099 3212 1346 3311 Characemqae

273 3335 355 3400 inde
377 3334 460 3400 XII
478 3336 524 3400 M
536 3359 579 3422 p„
595 3336 740 3402 secando
761 3347 855 3407 aesta
882 3337 1052 3426 navigant.
1143 3333 1289 3424 Quidam
1314 3345 1347 3400 el

273 3454 343 3518 alia
363 3453 415 3516 11
432 3453 549 3541 oppida
571 3453 673 3544 lampio
693 3456 876 3522 interuallis
906 3457 998 3544 Tigri
1020 3455 1254 3544 praenavipam'
1275 3463 1343 3520 lra-

272 3572 375 3653 daat,
397 3569 593 3636 Barbetium
614 3581 655 3637 et
674 3575 886 3662 Apameam
908 3572 966 3648 rel.

316 3694 354 3756 ln
377 3693 652 3760 antecedentibus
678 3715 838 3760 numeros
859 3693 921 3760 DC
944 3704 977 3760 et
1005 3693 1164 3760 CXXXV
1190 3706 1344 3776 transpu*
1456 3683 1457 3688 ἵ

228 3812 363 3878 nendos
390 3831 469 3875 esse
498 3812 563 3876 iam
586 3812 640 3877 alii
663 3814 981 3882 animadverterunt.
1028 3812 1127 3888 Quod
1148 3830 1231 3874 vero
1254 3811 1344 3882 Qua·

230 3943 399 3996 tremerus
419 3928 451 3995 in
475 3929 670 3998 doctissima
692 3932 930 3997 dissertatione
948 3934 990 3997 de
1007 3927 1193 3994 Nabataeis
1210 3925 1344 4010 (Dium.

229 4050 345 4118 Asina
357 4048 448 4118 1835.
462 4060 539 4118 tom.
553 4048 628 4118 XV.
638 4051 735 4137 pli)
756 4053 862 4121 verba
883 4050 982 4130 „Huc
997 4046 1177 4114 convenit“
1200 4046 1242 4110 de
1264 4044 1343 4112 Per·-

229 4169 305 4236 sico
327 4168 402 4234 sinu
423 4167 561 4254 intelligi
582 4169 702 4250 voluit,
728 4180 763 4236 et
791 4193 855 4238 usu
874 4168 1031 4254 loquendi
1053 4165 1149 4231 Plinii
1169 4163 1343 4248 refellitur,

230 4287 285 4372 qui
306 4307 396 4353 voce
418 4289 656 4365 ,‚c0uvenire“
675 4291 850 4356 terrestria
874 4289 948 4354 iere
976 4298 1198 4353 mercatorum
1224 4287 1343 4354 itinera

229 4405 415 4490 signifieat,
437 4403 816 4494 ct.§.l‹15.ot157.al.‚
845 4421 880 4474 et
901 4406 1059 4473 universa
1078 4403 1144 4471 luci
1168 4405 1273 4472 nostri
1296 4405 1342 4468 iu·

231 4523 307 4592 dole
329 4544 399 4612 quo
420 4523 546 4609 oppida
565 4525 713 4594 Arabiae
734 4527 900 4594 Petraeae
924 4527 1167 4595 describuntur.
1210 4521 1342 4586 Petram
