3567 5559
441 697 503 767 194
880 703 971 764 trra
983 702 1110 784 rum.

441 895 572 960 alterins
593 914 705 960 versus
725 895 759 958 in
781 896 916 960 alterum
945 897 1101 982 migrasse
1124 901 1220 982 atque
1242 903 1316 962 ante
1338 919 1365 964 r.
1384 898 1549 973 frondibus

441 1010 713 1099 transponendum
730 1033 802 1095 esse
823 1012 958 1077 videtur.

886 1171 934 1242 55
947 1169 1100 1256 2536.

359 1203 421 1272 694
490 1297 537 1376 Et
575 1296 638 1374 illa
687 1295 851 1388 miraculi
896 1295 1023 1396 plena,
1074 1297 1300 1374 Arethusam
1352 1295 1554 1396 Syracusis

491 1431 614 1507 fimum
655 1427 826 1505 redolere
864 1452 933 1530 per
972 1426 1162 1527 Olympia,
1213 1431 1369 1528 verique
1410 1427 1554 1531 simile,

493 1563 667 1663 quoniam
704 1560 874 1661 Alpheus
923 1561 959 1635 iu
999 1583 1079 1636 eam
1123 1561 1282 1640 insulam
1328 1562 1398 1640 sub
1445 1563 1550 1649 [imal

488 1695 602 1774 maria
626 1702 802 1795 permeet.

523 1835 592 1892 Ima
612 1835 707 1892 maria
725 1847 789 1890 non
809 1847 942 1911 prorsus
965 1826 1093 1912 quidem
1116 1847 1136 1890 a
1156 1826 1250 1890 Plinii
1273 1847 1424 1894 sermone
1447 1829 1554 1893 aliena

443 1953 532 2028 sunt,
565 1946 604 2009 55.
626 1948 666 2010 ll.
694 1946 770 2025 128,
814 1945 875 2008 etsi
912 1944 1095 2030 genetivum
1127 1951 1219 2010 maris
1246 1947 1319 2010 voci
1362 1946 1457 2032 addit
1498 1953 1555 2010 5555

440 2063 580 2130 XXXII.
603 2064 660 2130 64:
696 2060 754 2126 sed
782 2061 834 2126 hic
862 2062 957 2126 unius
989 2061 1108 2126 codicis
1127 2061 1160 2146 ⁴d
1180 2064 1372 2130 auctoritate
1395 2067 1550 2146 nitrmtur,

441 2184 475 2246 in
496 2183 526 2246 R
547 2188 684 2246 samaria
706 2182 738 2244 in
760 2176 790 2242 V
813 2184 929 2243 5555555
951 2179 1077 2265 legitur.
1121 2179 1215 2254 Quod
1236 2202 1334 2267 quum
1357 2203 1434 2247 cum
1464 2184 1551 2248 loeu-

442 2301 529 2364 tione
556 2301 698 2362 Senecae
726 2297 784 2362 111.
807 2297 848 2364 26
875 2303 930 2361 rat
957 2318 1041 2360 marc
1075 2298 1177 2383 magis
1212 2299 1397 2386 conspiret„
1441 2321 1552 2366 rocem

442 2422 502 2480 ima
523 2435 708 2501 expungere
730 2415 848 2479 malim.

360 2607 421 2675 595
887 2575 931 2646 ct
1002 2557 1096 2658 aas.

491 2704 586 2779 sicut
611 2702 647 2778 iu
676 2701 836 2802 Segesta
862 2701 1028 2792 Siciliae,
1056 2699 1196 2790 Larisa,
1227 2699 1371 2778 Troade
1402 2704 1471 2782 rel.

523 2837 611 2901 Fert.
635 2857 694 2900 scr.
717 2841 826 2900 Larisa
849 2841 985 2915 Troade,
1008 2841 1043 2898 ut
1065 2833 1214 2898 aceteris
1237 2833 1363 2918 oppidis
1387 2839 1548 2924 cognomi·

432 2957 536 3022 nibus
559 2954 782 3040 distinguatur.

466 3116 471 3123 =
888 3079 935 3149 65
950 3102 983 3132 =
1001 3076 1095 3162 6,33.

360 3111 422 3181 696
493 3208 641 3285 Leudes
669 3250 709 3260 -
740 3204 810 3280 hac
830 3211 1011 3295 curantur,
1039 3213 1078 3281 ut
1093 3204 1244 3282 liventia
1259 3206 1403 3283 reducit
1419 3211 1547 3284 eadem

497 3354 613 3440 (aqua
639 3339 797 3431 marina)
828 3338 876 3412 ad
905 3337 1078 3415 colorem.
1238 3431 1241 3436 ι

525 3486 558 3538 at
577 3473 611 3546 h,
632 3473 652 3535 l.
674 3472 818 3556 ineptum
846 3471 964 3555 legitur
991 3471 1119 3557 quidem
1146 3475 1178 3536 in
1202 3471 1274 3536 RV
1302 3470 1361 3537 sed
1393 3471 1492 3537 facile
1519 3472 1548 3534 in

443 3614 487 3658 ac
508 3596 657 3656 mutatur.
694 3589 730 3673 -§.
752 3589 794 3656 76
815 3595 902 3652 recte
930 3590 1026 3674 vulgo
1049 3590 1144 3654 scribi
1173 3611 1213 3655 ea
1235 3596 1381 3672 appositis
1401 3595 1548 3654 montbar

410 3779 415 3789 Χ
443 3718 592 3792 deserant,
614 3708 816 3773 durissimam
839 3713 1031 3784 structuram
1053 3729 1092 3772 ca
1112 3713 1159 3772 555
1181 3730 1230 3787 ap.
1253 3730 1289 3772 nr.
1312 3708 1418 3772 Plinio
1441 3729 1461 3772 a
1484 3706 1547 3772 Sill.

373 3874 381 3882 ·
442 3833 510 3903 Ian,
534 3829 691 3896 immerito
721 3824 864 3906 obtrudi,
894 3825 965 3909 ipsa
987 3823 1139 3889 librorum
1162 3825 1253 3890 MSS.
1287 3826 1469 3908 corruptela
1497 3826 1545 3890 de·

442 3955 647 4029 monstratur.
671 3947 754 4010 Nam
775 3943 861 4030 quod
882 3943 1048 4027 praecedit
1070 3954 1099 4008 ct
1113 3947 1196 4008 Oxus
1219 3943 1311 4008 deest
1331 3944 1365 4021 in
1386 3943 1546 4028 plerisque

443 4064 535 4128 codd.
558 4087 602 4128 sc.
623 4067 656 4128 in
678 4085 718 4128 ea
739 4069 786 4128 aas
807 4065 1005 4144 corruptum,
1028 4061 1060 4124 in
1073 4059 1126 4124 ·R²
1148 4081 1220 4126 cum
1242 4061 1482 4146 praepositione
1504 4063 1545 4127 ita

444 4181 646 4246 coniunctum
675 4188 738 4247 est:
782 4187 900 4261 pateres
928 4177 949 4241 i.
973 4199 1000 4242 5.
1028 4199 1106 4243 oxus
1135 4199 1185 4242 ex.
1229 4177 1380 4242 65555551
1407 4178 1489 4244 haec
1515 4182 1544 4244 in

443 4308 643 4379 transcursu,
668 4287 752 4360 ¹nam
781 4317 801 4361 a
827 4295 1032 4360 defendenda
1059 4297 1190 4382 vulgata
1217 4301 1291 4360 ante
1313 4293 1383 4362 Sill.¹
1411 4297 1543 4360 lectione

444 4419 588 4486 consulto
611 4415 767 4481 abstineo.
995 4387 998 4396 ‘

360 4568 422 4636 (397
499 4523 508 4547 ’
554 4535 561 4558 5
886 4537 979 4611 78:
993 4537 1088 4624 739.

491 4694 616 4748 muros
643 4672 850 4766 domosque
877 4667 1009 4742 massis
1035 4664 1124 4742 salis
1149 4663 1298 4741 faciunt.
