3567 5559
454 503 516 572 nt
912 501 1012 570 Lama
1034 503 1100 570 Vr.

451 689 553 776 igimr
573 690 640 756 duo
660 691 907 777 negotiatorum
930 688 1063 774 agmina
1085 691 1266 760 convenire
1290 703 1421 770 narrat,
1445 712 1557 760 eornm

452 816 509 903 qui
530 835 552 879 a
573 814 667 880 Gaza
690 821 725 876 et
746 812 801 897 qui
823 806 979 893 Palmyra
1005 819 1181 876 venerunt.
1232 810 1448 892 limantem,
1479 835 1558 898 quo-

451 932 654 1002 modulare
682 929 867 997 orationem
892 927 1026 993 variare
1054 926 1161 1007 solet,
1188 929 1234 994 ita
1256 941 1558 1011 commemoratu,
1614 949 1615 954 ’

453 1075 554 1141 quum
586 1051 726 1137 primum
761 1068 782 1113 a
813 1048 911 1113 litore
943 1046 1064 1130 Syriae
1095 1045 1285 1131 Palmyram
1319 1051 1557 1132 accessissent,
1614 1119 1615 1142 ἦ

453 1173 573 1239 deiude
594 1170 798 1235 Damascum
820 1186 862 1229 ac
882 1165 1018 1230 Petram
1039 1175 1156 1250 petere
1179 1167 1299 1232 tradat.
1342 1167 1559 1234 Scribendum
1614 1237 1615 1268 1

452 1302 505 1357 eat
526 1290 625 1374 igitur
648 1307 711 1374 pro
736 1294 800 1365 „et
817 1281 951 1369 Syram
973 1307 992 1347 c
1012 1281 1111 1370 Syrio
1132 1305 1183 1352 sc.
1205 1286 1375 1352 maritima.
1420 1287 1559 1374 Reliqua

451 1412 552 1476 etiam
577 1409 623 1472 ita
649 1418 685 1472 ut
705 1425 796 1471 nunc
822 1404 980 1488 leguntur
1002 1401 1090 1468 salsa
1111 1423 1190 1469 esse
1209 1405 1296 1470 idem
1319 1406 1557 1481 Quatremerus
1614 1411 1615 1496 l

450 1527 623 1604 intellexit,
644 1545 761 1590 verum
777 1527 819 1589 de
834 1523 942 1609 ipsius
955 1524 1131 1609 scriptoris
1145 1543 1260 1589 errore
1275 1525 1446 1609 cogitarit,
1464 1548 1555 1613 quem

448 1666 513 1712 noa
539 1644 685 1711 librariis
711 1643 920 1710 tribuendum
947 1663 1025 1710 esse
1048 1643 1260 1709 coniecimus.
1313 1641 1471 1708 ceterum
1493 1666 1555 1710 mo·

448 1787 532 1833 nore
553 1784 663 1850 paene
693 1761 814 1828 oblitus
839 1781 949 1841 mam,
974 1784 1036 1848 pro
1062 1760 1259 1827 Tiumatmn
1287 1783 1307 1826 e
1332 1759 1430 1828 codd.
1451 1763 1557 1830 Reti

449 1886 628 1973 legendum
655 1902 735 1950 esse
765 1879 970 1947 Damotltum
1001 1901 1099 1969 quam
1132 1879 1272 1945 formam
1306 1891 1339 1945 et
1367 1880 1556 1966 Stephanus
1614 1873 1615 1968 l

449 2005 635 2091 Byzantius
661 2015 696 2070 et
713 2002 927 2068 Ptolemaeus
951 2000 990 2066 V.
1011 2001 1059 2066 19.
1076 2002 1107 2064 7.
1128 1998 1245 2065 leviter
1267 2013 1460 2084 corruptam
1482 2002 1557 2069 Δού·
1614 1977 1615 2044 l

448 2143 539 2212 papa
559 2116 579 2205 ἢ
599 2124 774 2208 Δούμαιθα
794 2127 887 2206 (nam
907 2120 961 2184 hic
983 2119 1078 2186 locus
1099 2140 1207 2206 neque
1219 2120 1275 2184 Vl.
1286 2120 1318 2182 7.
1331 2117 1384 2197 33,
1405 2119 1555 2185 ubiAra·

448 2245 524 2308 biae
546 2239 657 2306 felicis
677 2239 835 2324 oppidum
855 2236 1056 2324 nominatur,
1076 2236 1262 2304 laudandus
1287 2248 1359 2304 erat
1380 2237 1556 2325 aSilligio)

448 2357 618 2426 exhibent.
1068 2409 1070 2414 .

370 2513 431 2580 137
963 2473 1049 2550 147.

498 2612 607 2690 Nunc
630 2609 832 2688 aCharace
855 2581 1052 2688 dicimus
1076 2634 1177 2687 oram
1189 2610 1376 2712 Epiphani
1397 2612 1555 2712 primum

499 2747 732 2850 exquisitam.
790 2749 939 2846 Locus,
975 2747 1037 2824 ubi
1072 2747 1276 2848 Euphratis
1311 2749 1443 2825 ostium
1475 2747 1554 2841 luit,
1614 2755 1615 2758 ’

497 2885 636 2962 flumen
663 2887 828 2982 Salsum,
855 2886 1147 2988 promontorium
1174 2886 1385 2981 Ghaldone‚
1422 2911 1554 2961 vora-

495 3021 593 3125 gini
617 3023 840 3119 similius,
868 3051 995 3126 quam
1022 3021 1134 3100 mari
1159 3047 1241 3123 per
1267 3021 1407 3122 LMp.
1429 3049 1553 3117 orae,
1614 3115 1615 3124 ἵ

494 3161 633 3236 flumen
655 3160 849 3236 Achenum
880 3167 943 3232 rel.

527 3306 668 3374 Duobus
697 3270 805 3374 modis
831 3309 875 3372 ad
906 3328 1060 3392 eaquae
1088 3312 1303 3395 expositurus
1330 3322 1398 3392 est,
1428 3309 1552 3378 Plinius

443 3424 617 3491 transitum
642 3439 755 3511 parat,
785 3427 859 3492 sive
891 3425 1104 3491 coniunctivo
1125 3433 1316 3512 praesentis
1346 3432 1419 3497 sive
1442 3430 1552 3498 futuro

442 3543 611 3610 indicativi
633 3565 724 3610 usus.
767 3547 828 3624 lta,
851 3556 887 3611 ut
907 3547 939 3610 in
962 3547 1121 3631 proximis
1146 3548 1339 3632 subsistam,
1361 3549 1391 3636 §.
1404 3549 1477 3619 106.
1497 3551 1550 3616 lin.

441 3662 623 3748 reperitur:
650 3673 873 3744 revertemur,
902 3664 1052 3731 dicemus
1074 3664 1104 3752 §
1128 3663 1198 3745 116,
1223 3669 1400 3733 conveniat
1429 3666 1459 3754 §.
1483 3668 1552 3732 127.

442 3782 687 3863 dicautur157‚
710 3805 953 3873 persequemur
969 3783 1038 3850 163.
1082 3788 1265 3853 ludicatiro
1288 3807 1370 3852 vero
1393 3805 1552 3871 praeseu-

441 3906 483 3971 tia
506 3907 666 3972 abstinet:
693 3906 806 3992 itaque
832 3906 888 3972 hic
910 3907 1121 3973 scribendum
1145 3907 1222 3972 erit:
1250 3905 1435 3974 dicemus.
1480 3907 1551 3974 Sci-

438 4020 520 4087 licet
539 4025 572 4089 in
594 4024 856 4109 protarchetypo
880 4023 990 4090 fuerat
1013 4049 1144 4106 urunvr,
1167 4003 1364 4109 permutatis
1388 4024 1510 4090 litteris
1532 4047 1550 4086 r

439 4147 473 4202 et
484 4157 506 4202 1.
546 4139 706 4206 Ceterum·
723 4140 780 4205 hie
803 4161 937 4227 quoque
959 4145 1136 4210 verborum
1159 4145 1242 4208 ordo
1258 4144 1474 4228 perturbatus
1493 4154 1551 4210 est.

437 4255 523 4320 Nam
545 4258 806 4340 promuntorium
825 4277 890 4322 nec
911 4260 995 4324 mari
1016 4273 1072 4326 aut
1086 4262 1239 4346 voragini
1259 4259 1365 4328 simile
1386 4261 1551 4348 appellari

437 4393 502 4441 nee
524 4393 587 4460 per
607 4373 636 4439 L
657 4375 693 4440 Μ
706 4398 739 4461 p.
763 4376 899 4440 extendi
920 4375 1033 4459 potuit.
1076 4379 1123 4443 At
1144 4389 1263 4444 contra
1284 4383 1377 4446 circa
1397 4379 1549 4464 Euphra-

438 4496 480 4562 tis
501 4493 620 4561 ostium
644 4493 786 4580 paludes
812 4496 854 4560 ab
881 4504 1023 4578 utraque
1052 4506 1147 4579 parte
1170 4495 1236 4565 late
1259 4501 1409 4584 patuisse
1431 4514 1548 4568 notum
