3567 5559
347 2100 439 2175 Quod
461 2101 604 2166 laborem
620 2108 696 2166 ante
716 2101 776 2166 hos
798 2102 910 2167 decem
932 2123 1033 2168 annos
1045 2103 1261 2169 intermissum
1281 2124 1367 2172 nunc

275 2216 395 2282 demum
422 2238 569 2301 resumo,
601 2225 772 2304 propterea
797 2217 936 2284 maxime
964 2219 1085 2284 factum
1112 2229 1178 2304 est,
1214 2225 1364 2309 quoniam
1461 2221 1464 2230 ’

271 2333 421 2418 editionis,
444 2356 540 2421 quam
555 2334 792 2401 aLudovico
814 2336 924 2416 Iano,
946 2337 1013 2402 viro
1027 2337 1212 2428 doctissimo
1225 2342 1365 2429 mihique

272 2451 475 2535 amicissimo,
496 2453 604 2538 parari
625 2472 855 2538 cognoveram,
875 2474 1080 2542 progressum
1107 2456 1291 2543 exitumque
1312 2479 1366 2523 ex·

271 2576 409 2653 spectare
438 2576 622 2633 statueram.
674 2559 771 2655 Spem
799 2572 883 2635 enim
913 2591 1123 2656 conceperam
1148 2573 1367 2657 laetissimam,

270 2684 334 2750 iore
364 2693 401 2750 ut
429 2687 522 2750 multi
544 2686 658 2772 Silligii
685 2679 807 2751 errores
836 2709 857 2752 a
878 2687 948 2753 riro
975 2690 1200 2774 sagacissimo,
1238 2691 1367 2756 criticae

271 2803 343 2866 artis
368 2804 486 2888 perito,
522 2803 563 2868 de
589 2803 686 2867 Plinii
719 2804 857 2867 naturali
896 2804 1030 2868 historia
1058 2806 1223 2891 praeclare
1254 2807 1365 2872 morito

270 2919 458 2985 tollerentur.
500 2919 613 3005 Neque
635 2919 716 2982 haec
737 2939 812 3004 spes
833 2940 885 2984 me
906 2919 1028 2985 fefellit.
1063 2921 1265 3008 Quemquam
1281 2924 1366 2988 enlm

268 3035 424 3100 interdum
464 3043 520 3101 aut
557 3036 680 3121 Silligio
728 3037 835 3121 potius
879 3043 936 3100 eut
983 3038 1120 3123 vulgatis
1162 3046 1238 3104 aute
1292 3057 1366 3130 eum

271 3154 499 3238 exemplaribus
523 3154 698 3234 assentior,
727 3153 891 3237 aliquanto
918 3160 1026 3218 temen
1047 3155 1191 3240 pluribus
1213 3155 1291 3219 locis
1313 3173 1365 3220 sa·

270 3269 397 3334 luterem
425 3289 555 3333 manum
582 3269 729 3333 abieno
758 3270 888 3334 allatam
925 3289 998 3335 esse
1018 3291 1138 3357 magna
1168 3291 1240 3336 oum
1269 3273 1367 3336 animi

269 3387 425 3469 mlupccte
445 3387 599 3450 intellexi.
632 3386 683 3450 De
704 3386 865 3450 nonnullis
887 3393 995 3450 autem
1016 3388 1085 3473 ipse
1106 3388 1182 3474 quid
1204 3389 1366 3470 sentirem,

270 3501 301 3565 in
325 3503 576 3568 ehrestomathia
601 3503 752 3566 Pliniana
785 3522 869 3567 anno
896 3503 1148 3571 MDOOOLVIL
1190 3506 1277 3568 edita
1317 3505 1365 3568 in·

271 3617 372 3685 dicari.
396 3622 524 3685 Interea
534 3619 597 3683 hoc
608 3639 735 3705 quoque
750 3619 866 3684 accidit
885 3621 1121 3705 percommode!
1142 3609 1180 3686 u't
1201 3628 1234 3685 et
1248 3623 1365 3686 Gras-

272 3735 461 3823 bergerus
482 3757 510 3803 a.
532 3735 755 3803 MDOOOLX.
768 3756 863 3800 usum
876 3736 1059 3800 Plinianum
1072 3757 1197 3801 summa
1210 3737 1368 3802 industria

271 3852 421 3918 illustrare
443 3853 672 3939 aggrederetur
694 3861 728 3918 et
744 3852 1029 3923 Detlelsenius
1050 3876 1081 3917 v.
1109 3853 1137 3916 d.
1170 3853 1203 3916 in
1226 3854 1367 3940 eleganti

273 3988 359 4053 quam
379 3991 492 4036 museo
512 3969 671 4035 Rhenano
692 3991 713 4034 a
733 3968 954 4043 Mnoocnx.
980 3969 1114 4036 inseruit
1141 3969 1366 4038 dissertatione

274 4084 308 4149 de
326 4087 471 4151 codicum
491 4107 589 4149 manu
611 4088 800 4172 scriptorum
829 4087 1020 4154 auctoritate
1047 4094 1196 4158 accurate
1224 4095 1258 4155 et
1278 4090 1366 4159 lucu·

273 4199 363 4268 lenter
382 4203 570 4289 disputaret,
592 4205 751 4271 Felsius
772 4205 805 4269 in
828 4203 1096 4269 commentatione
1114 4203 1367 4272 laboriosissima

274 4337 298 4380 a.
316 4318 549 4384 nuceum.
579 4319 620 4384 de
649 4321 795 4384 codicum
829 4319 922 4401 latis,
955 4319 1017 4384 fide
1045 4327 1141 4406 atque
1176 4324 1365 4387 auctoritate

277 4435 408 4501 auerter
429 4443 462 4500 et
492 4435 661 4522 diligenter
688 4443 814 4521 ageret,
846 4456 926 4521 quos
954 4437 1135 4521 nuperrime
1163 4438 1264 4502 secuti
1292 4444 1367 4501 sunt

276 4547 479 4616 Michelius
500 4554 534 4616 in
556 4553 652 4617 docta
672 4552 898 4617 dissertatione
920 4552 960 4615 de
984 4553 1094 4617 codiee
1111 4553 1366 4637 Luciliburgensi

278 4668 380 4752 scripta
416 4689 513 4755 quam
538 4670 573 4732 in
599 4668 855 4755 ephemeridibus
888 4689 909 4734 a
936 4690 987 4734 me
1020 4667 1114 4732 editis
1145 4667 1229 4754 (Eos
1250 4667 1293 4736 11.
1324 4669 1372 4756 3)⁸

1087 4789 1131 4848 11
