3567 5559
433 727 495 796 218
699 823 711 839 „
853 731 943 795 Liber
962 729 1116 798 XXXIV.

434 936 570 1012 impubis.
592 935 676 994 Idem
697 942 793 994 aretem
816 930 889 994 inB
910 929 1149 994 desiderantur:
1173 941 1301 993 ceterum
1315 933 1411 992 colore
1431 933 1528 1004 inpra-

434 1058 519 1114 11511.
560 1048 610 1114 Ne
633 1049 679 1112 sia
702 1048 830 1133 quidem
853 1055 986 1112 sanatus
1010 1055 1079 1110 erat
1100 1049 1200 1128 locus,
1223 1067 1303 1131 quos
1326 1053 1531 1109 rectesanum

434 1168 738 1252 integerrimumqua
758 1166 830 1230 libri
851 1166 942 1231 MSS.
966 1171 1130 1251 praestant
1152 1165 1248 1228 lanus
1272 1171 1400 1228 secutus
1422 1169 1482 1226 est:

475 1323 516 1332 -—
537 1291 617 1348 duae
635 1298 741 1364 parter
763 1308 871 1364 peram
890 1290 980 1360 surra
1000 1307 1029 1347 a.
1052 1307 1088 1347 m.
1111 1307 1140 1346 a.
1159 1305 1192 1363 p.
1216 1289 1235 1346 i.

434 1405 454 1468 i
477 1425 505 1466 e.
526 1403 622 1466 binae
644 1410 754 1483 partes
774 1403 886 1466 urinae
910 1403 1043 1488 singulis
1067 1401 1149 1466 aceti
1172 1401 1399 1466 admiscentur.

353 1574 415 1642 754
667 1559 736 1632 127
763 1591 796 1620 =
825 1561 942 1646 12,32.
978 1556 1046 1648 (de
1073 1553 1331 1645 chalcantbo).

490 1735 525 1746 -
559 1690 819 1789 superponitur·
845 1688 1052 1790 emplastris
1085 1690 1133 1764 ad
1160 1687 1310 1766 dolores
1343 1685 1535 1771 tollendos,

431 1917 438 1924 ι
486 1821 661 1922 quodque
689 1847 733 1898 ex
768 1847 813 1899 eo
842 1824 1027 1914 candicat,
1073 1823 1209 1898 inuno
1245 1824 1314 1897 u‘su
1341 1817 1537 1921 praefertur

486 1956 662 2032 violaceis
689 1954 754 2032 151.

519 2111 578 2168 qao
600 2088 688 2171 VR,
724 2094 806 2167 qaod
833 2110 897 2154 non
927 2090 985 2154 dT
1012 2095 1136 2152 tantum
1166 2086 1223 2150 sed
1246 2065 1342 2150 etiam
1364 2085 1408 2167 B,
1441 2102 1540 2168 equo

413 2208 470 2272 .S.
494 2206 518 2270 1.
541 2213 680 2286 quodque
707 2207 889 2272 attulerunt.
933 2194 1045 2291 ltaque
1075 2205 1231 2270 scribatur
1261 2210 1404 2289 oportet:
1425 2240 1465 2248 -
1486 2205 1536 2264 rol-

439 2330 549 2386 leodor.
596 2329 744 2405 Quodam
765 2346 800 2387 eo
823 2325 878 2388 rel.
1108 2306 1111 2312 Ι

357 2471 418 2538 755
719 2463 788 2536 142
812 2484 852 2514 --
882 2466 998 2551 llll.
1032 2460 1259 2552 (deterso).

487 2595 525 2668 ln
554 2590 791 2694 Cappadocia
826 2600 966 2669 tantum
1007 2594 1173 2693 quaestio
1219 2599 1291 2681 est,
1329 2612 1453 2690 ¹aquae
1492 2609 1538 2662 an

490 2735 609 2803 tarrae
636 2727 697 2802 fiat
724 2735 928 2826 acceptum,
957 2727 1127 2824 quoniam
1145 2726 1292 2825 perfusa
1313 2732 1415 2800 certo
1433 2721 1537 2796 lluvio

488 2870 585 2936 15115
611 2882 732 2958 neque
759 2859 864 2935 aliter
889 2860 1024 2935 ferrum
1052 2884 1071 2934 5
1099 2858 1310 2936 fornacibus
1338 2855 1471 2931 reddit.

522 2996 572 3056 De
595 2991 774 3077 Chalybum
803 2993 941 3080 metallis
963 2992 1116 3077 loquitur,
1150 2991 1189 3056 cf.
1211 2991 1406 3054 Ps-Aristot.
1430 2987 1469 3050 de
1490 2986 1538 3048 mi-

441 3112 508 3176 rab.
543 3110 677 3175 auscult.
699 3111 750 3192 48,
784 3130 864 3195 quos
898 3129 997 3194 prope
1026 3107 1180 3173 Gerasum
1202 3108 1354 3192 oppidum
1376 3105 1542 3169 ‘habitasse

440 3234 566 3292 constat
595 3228 646 3290 vel
674 3227 860 3312 eXanoph.
896 3228 989 3290 anab.
1013 3227 1050 3291 V.
1073 3228 1099 3293 5.
1127 3231 1152 3291 l.
1196 3227 1309 3309 ltaque
1337 3245 1402 3288 non
1431 3223 1471 3285 de
1499 3221 1540 3284 in·

440 3353 527 3409 certo
550 3344 688 3429 quodam
712 3345 807 3407 fluvio
837 3346 889 3428 agi
912 3352 1163 3410 consentaneum
1186 3349 1235 3406 est
1264 3342 1321 3406 sed
1350 3341 1390 3404 de
1419 3340 1543 3404 flumine

441 3461 549 3548 oppidi
582 3462 771 3554 cognomine
807 3461 864 3545 (cf.
900 3461 1055 3546 Forbiger
1089 3461 1205 3546 Geogr.
1238 3467 1301 3564 ant.
1329 3457 1372 3522 ΙΙ.
1405 3480 1435 3543 p.
1458 3457 1543 3537 424).

441 3579 650 3644 scribendum
674 3586 722 3641 eat
743 3579 857 3662 igitur:
885 3585 1025 3680 Cerceo
1045 3583 1154 3654 flaor'o.

358 3732 422 3799 756
613 3720 865 3805 150=15,43.
899 3716 967 3808 (de
994 3715 1163 3814 robigine
1191 3713 1380 3802 5115115).
1614 3799 1615 3808 Ν

491 3851 585 3927 haec
612 3859 669 3926 est
695 3850 791 3926 15115
817 3873 839 3925 a
866 3847 1018 3930 Graecis
1050 3844 1251 3946 antipathia
1277 3845 1384 3920 dicta.
1413 3843 1543 3922 Ferunt

492 3983 639 4080 quidam
677 3992 714 4060 et
739 3981 922 4081 religione
960 3981 1117 4079 quadam
1150 3978 1187 4053 id
1216 3976 1295 4052 lieri
1339 3982 1376 4052 51
1403 3985 1544 4054 exstare

494 4114 652 4189 lerneam
679 4125 846 4192 catenam
872 4113 938 4190 151.

526 4245 632 4319 Quum
666 4249 830 4330 proximus
860 4247 990 4312 inferior
1033 4265 1144 4310 versus
1186 4242 1425 4328 protarchetypi
1470 4264 1489 4306 a
1520 4264 1544 4306 1.

386 4411 392 4423 .
442 4368 544 4439 serant
564 4363 734 4447 inciperet‚
762 4365 880 4426 factum
905 4372 954 4428 est
980 4373 1015 4427 ut
1037 4364 1068 4427 in
1090 4363 1225 4447 primum
1243 4361 1415 4444 superioris
1438 4381 1543 4426 versus

446 4483 636 4547 vocabulum
660 4480 794 4546 eaedem
810 4481 937 4546 litterae
957 4482 1136 4545 transirent.
1180 4478 1292 4564 Neque
1316 4479 1399 4540 enim
1423 4500 1451 4543 v.
1476 4485 1543 4542 auti-

445 4606 551 4678 portto
574 4620 649 4663 cum
671 4600 777 4664 dativo
807 4599 1010 4682 coniungitur
1032 4607 1064 4662 et
1092 4597 1350 4681 frequentissima
1372 4603 1423 4659 est
1447 4615 1542 4659 rerum

449 4719 680 4799 repugnantiae
702 4716 787 4800 apud
810 4717 997 4800 scriptorem
1019 4723 1162 4778 nostrum
1186 4715 1306 4778 mentio
1361 4711 1543 4780 5117111.
1614 4799 1615 4814 χ
