3567 5559
404 761 469 832 2³6
827 763 916 826 lita
937 765 1036 828 XXX
1040 763 1091 826 Vr.

405 959 516 1028 inissa
558 957 681 1024 Vocem
702 965 810 1026 autern
838 961 1020 1048 ,integrum‘
1046 978 1131 1046 quae
1152 959 1250 1024 etiam
1279 957 1437 1023 aBamb.
1460 957 1513 1021 ab·

405 1083 457 1144 cst
476 1095 551 1143 cum
570 1076 722 1142 Pintiano
743 1078 941 1161 omitterem,
968 1077 1031 1144 nisi
1053 1075 1195 1144 Isidorus
1223 1077 1258 1141 in
1280 1095 1340 1142 suo
1364 1074 1516 1161 exemplo

405 1195 547 1282 legisset.

321 1307 386 1378 8⁰0
562 1315 814 1403 143=1u3n
848 1311 917 1405 (de
938 1312 1121 1412 spongitis
1146 1257 1367 1412 lapidibuslr

455 1444 612 1542 Quidam
638 1466 706 1521 eos
740 1443 940 1522 tecolithos
966 1450 1122 1536 vocant,
1165 1444 1339 1544 quoniam
1378 1445 1519 1522 vesicis

452 1578 667 1672 medentum
694 1575 860 1655 calamos
886 1584 1059 1678 rumpunt
1084 1578 1121 1653 in
1147 1578 1235 1654 vino
1255 1577 1346 1679 poti.

485 1709 560 1777 Non
581 1715 753 1796 propterea
777 1712 975 1796 τηκολίθους
996 1711 1152 1796 appellari
1178 1716 1433 1776 consentaneum
1457 1716 1520 1790 est,

405 1829 482 1916 quia
501 1830 628 1894 vesicae
649 1827 828 1909 medentur,
860 1799 919 1894 aad
941 1827 1017 1914 quin
1034 1827 1174 1894 calamos
1196 1834 1357 1913 rumpunt
1404 1829 1520 1914 ltaque

405 1943 610 2010 scribendum
632 1952 697 2011 est:
736 1951 842 2010 reads
861 1951 1033 2022 medentum
1061 1951 1184 2025 quidam
1214 1966 1266 2012 coa
1287 1951 1446 2012 tecolithos
1469 1965 1521 2010 uo·

405 2074 494 2143 cunt,
515 2068 656 2142 quonium
677 2068 812 2127 calculos
832 2075 975 2144 rumpuat
996 2069 1015 2130 1.
1038 2085 1065 2128 v.
1083 2083 1115 2144 p.

321 2187 383 2258 001
676 2184 926 2273 tls=2o,3r.
967 2182 1036 2276 (de
1063 2180 1250 2276 schistis).

455 2355 500 2366 -
528 2312 565 2390 in
589 2313 634 2391 iis
661 2313 891 2394 commodior
918 2338 1030 2393 croco
1057 2313 1196 2409 similia,
1224 2310 1424 2433 peculiaris
1453 2336 1521 2390 ex·

456 2445 602 2544 plendis
629 2445 821 2525 oculorum
856 2447 999 2525 lacunis
1025 2448 1062 2524 in
1089 2447 1186 2525 lacte
1221 2447 1402 2540 muliebri,
1430 2469 1520 2548 pro·

455 2578 699 2680 ridentesque
726 2581 857 2660 oculos
883 2580 1074 2681 praeclare
1102 2579 1262 2659 cohibet.

486 2708 577 2785 Quae
599 2713 664 2779 sint
690 2714 854 2778 oculorum
875 2713 1021 2798 lacunae,
1053 2713 1163 2778 nescio
1192 2733 1297 2800 neque
1326 2711 1416 2799 apud
1438 2715 1518 2779 Dio·

404 2827 561 2894 scoridem
582 2829 621 2898 V.
643 2834 704 2898 144
736 2832 871 2916 reperio.
915 2831 978 2906 Qui
1009 2835 1133 2920 πληροῖ
1161 2831 1199 2898 δὲ
1231 2836 1288 2897 καὶ
1320 2832 1518 2916 κοιλώματα
1630 2849 1631 2856 ’

405 2943 481 3010 (lum
502 2947 601 3012 refert
620 2949 804 3030 ,inanitates
821 2952 974 3015 ulcerum‘
997 2923 1076 3038 uuas
1099 2951 1222 3015 Plinius
1244 2956 1339 3015 vocat
1359 2949 1519 3014 XXXIV.

405 3064 465 3131 169
486 3065 686 3152 significarit
729 3067 911 3133 Elmendato
929 3069 1026 3154 igitur
1047 3068 1203 3136 vocabulo
1233 3067 1370 3156 proximi
1393 3067 1515 3134 vicinia

406 3190 554 3270 corrupto
577 3184 781 3250 scribendum
803 3193 887 3250 erat:
909 3193 1074 3251 ulcerum
1097 3191 1224 3250 lacunis.

322 3373 386 3441 302
829 3344 899 3416 rso
912 3343 1085 3429 τ--1111

454 3469 560 3545 -in
588 3467 742 3570 Siphnio
770 3469 975 3572 singulare,
1016 3471 1118 3572 quod
1161 3468 1390 3548 excalfactus
1429 3470 1518 3550 olco

455 3602 634 3703 nigrescit
659 3603 896 3704 durescitque
920 3603 1170 3681 mollissimus

489 3737 662 3824 Aliquanto
685 3737 864 3823 elegantius
875 3737 1001 3805 locutus
1025 3743 1076 3802 est
1089 3737 1225 3802 Plinius:
1249 3739 1442 3814 decrescitque
1462 3757 1516 3799 no·

407 3869 477 3922 rura
498 3861 692 3921 mollissimus.
736 3854 789 3922 Sic
810 3856 896 3923 cuim
917 3854 1031 3924 Bamb.

189 4071 202 4099 Ι
324 3988 387 4056 803
584 3979 653 4052 100
670 3979 836 4064 =2·2,45.
868 3974 937 4066 (de
964 3972 1148 4076 speculari
1174 3970 1334 4074 lapide).

457 4102 634 4203 Hispania
673 4105 773 4218 hunc
798 4115 938 4186 tautum
976 4107 1122 4183 citerior
1160 4105 1247 4184 olim
1275 4105 1405 4198 (labat,
1445 4127 1518 4181 nec

456 4241 533 4312 tota
560 4235 629 4314 sed
654 4237 748 4316 intra
775 4248 922 4317 centum
949 4237 1046 4316 milia
1072 4261 1247 4340 passuum
1274 4237 1373 4314 circa
1393 4235 1517 4336 Sego-

459 4369 598 4446 bricam
621 4370 762 4447 urbem.

491 4506 690 4581 Seootrtpum
712 4503 772 4565 cB
793 4501 933 4570 restituit
954 4506 1060 4588 Ianus,
1084 4483 1258 4572 immonem
1279 4519 1449 4566 numerum
1468 4499 1516 4564 in-

408 4621 483 4685 vitis
503 4619 593 4685 libris
613 4621 705 4686 MSS.
727 4639 792 4684 non
813 4619 928 4704 tetigit.
971 4622 1101 4691 Scilicet
1121 4643 1146 4688 c.
1166 4641 1292 4702 possum
1315 4619 1366 4702 Bl,
1396 4639 1423 4683 c.
1441 4639 1515 4700 pas·

407 4759 460 4802 rus
479 4737 524 4804 Β*
544 4736 566 4802 d
586 4734 763 4808 rectissimo
783 4736 936 4824 scriptum
958 4739 1119 4806 exhibunt.
1194 4765 1199 4772 ·
