3567 5559
683 736 925 803 *omnm
1306 727 1375 834 tm

1396 891 1459 960 mr

704 937 753 1010 30
778 955 821 988 =
848 937 944 1023 tto.

315 1066 550 1146 Simillimum
578 1067 612 1143 ei
639 1066 866 1172 combretum
892 1064 1116 1164 appellatur,

258 1199 356 1288 qnod
378 1190 510 1263 brentam
539 1196 766 1284 appellandum
789 1201 873 1278 erat,
900 1201 1060 1283 βρενθίου
1082 1196 1167 1260 enim
1188 1192 1376 1274 Athenaeus

257 1305 340 1384 XV.
363 1316 425 1386 690
444 1315 640 1380 mentionem
661 1314 745 1380 fecit.
789 1312 919 1379 Scribe:
950 1319 1046 1378 adem
1066 1319 1211 1377 brentam.

316 1435 414 1512 haec
439 1437 525 1510 sunt
549 1439 708 1524 tantum3

355 1569 443 1632 Inter
455 1563 613 1631 vocabula
632 1575 702 1628 rum
722 1568 754 1628 et
775 1574 889 1628 tantam
910 1563 1037 1630 litterae
1058 1564 1231 1630 nonnullae
1248 1567 1378 1651 propter
1418 1596 1421 1600 »

262 1683 512 1752 similitudinem
534 1681 736 1764 exciderunt,
771 1680 887 1768 quihus
908 1682 1069 1767 restitutis-
1087 1680 1291 1748 scribendum
1313 1685 1377 1744 est:
1506 1708 1514 1718 ·

308 1807 391 1867 aare
409 1814 478 1866 ruat
499 1810 650 1880 annuento
669 1807 791 1864 tantum.

586 1921 801 2008 36:7,1u
833 1918 901 2012 (de
928 1918 1060 2010 rosis).
1401 1883 1462 1956 ⁴⁵2

321 2048 539 2128 Acerrimus
564 2058 687 2126 tamen
714 2050 809 2129 odor
835 2049 997 2128 omnium
1023 2056 1164 2128 aestate
1189 2043 1323 2124 media.

333 2185 433 2248 -Poet
454 2181 596 2248 potessas
617 2188 824 2268 vetustasque
845 2203 936 2247 rosas
952 2203 1017 2248 non
1034 2188 1202 2264 aestatem,
1224 2178 1282 2245 sed
1294 2183 1380 2242 aeta·

268 2309 338 2366 tem
352 2295 506 2364 'mediam
541 2277 802 2369 commemoravit
822 2300 962 2385 Plinius3
994 2299 1081 2387 quod
1102 2298 1186 2382 Sili,
1219 2299 1246 2363 ai
1278 2295 1380 2362 Theo·

270 2417 397 2505 phrasti
429 2437 525 2502 quem
538 2421 543 2426 ’
556 2415 667 2482 laudat
697 2417 803 2482 locum
835 2437 922 2484 caua.
948 2418 995 2504 pl.
1028 2415 1085 2481 vl.
1108 2415 1150 2484 17
1181 2416 1382 2504 perlegisset,

270 2534 361 2602 hand
384 2533 492 2598 dubie*
506 2533 727 2599 intellexisset.
770 2530 808 2602 ἐν
837 2543 910 2613 ταῖς
936 2532 1058 2620 ἀκμαῖς
1083 2532 1292 2619 εὐοσμότατα
1326 2552 1381 2617 ap·

270 2653 434 2740 pellantur
454 2652 484 2736 §t
503 2652 533 2719 3.

1398 1391 1459 1458 451

600 2811 604 2819 .
719 2714 931 2826 m=ma
1241 2713 1246 2721 ’
1403 2733 1486 2806 me

324 2907 374 2927 -ψ
412 2884 459 2922 -“
500 2871 540 2940 ut
577 2867 737 2945 bucerus
781 2869 883 2968 quod
922 2874 980 2945 est
1021 2867 1146 2944 tenum
1190 2864 1381 2957 Graecum.
1470 2888 1475 2896 ’

324 2999 470 3074 Acutus
510 2997 604 3076 odor
642 3022 717 3077 non
756 3001 918 3077 omnium
958 3000 1039 3078 sine
1070 2987 1170 3076 'suco
1210 3002 1289 3085 est,
1344 2999 1384 3071 ut

324 3127 467 3221 violae,
492 3151 618 3220 rosae,
647 3153 777 3227 croc03
805 3156 902 3233 quae
928 3155 1018 3211 vero
1046 3129 1231 3209 exacutis
1257 3134 1385 3206 carent

324 3283 419 3339 suco
443 3259 512 3340 rel.

359 3391 627 3458 Fmrendationem
649 3393 749 3460 huius·
767 3398 947 3463 sententiae
969 3399 1067 3462 Ianus
1088 3395 1261 3477 inchoavit,
1299 3391 1385 3459 eodi-

274 3513 367 3578 cibus
389 3517 422 3576 et
444 3509 658 3596 Theophrasti
678 3511 748 3577 loco
772 3533 859 3578 caus.
881 3515 924 3600 pl
944 3513 1002 3579 VI.
1023 3516 1065 3582 14
1086 3513 1269 3602 diligentius
1295 3530 1384 3576 usus.

273 3612 485 3697 Reeceffenim
516 3648 581 3691 non
604 3627 644 3692 de
666 3630 769 3695 acutia
796 3630 854 3696 sed
876 3629 918 3696 de
948 3633 1074 3719 aquatis
1095 3630 1226 3697 floribus
1245 3627 1384 3692 Plinium

275 3747 365 3841 loqui
386 3741 621 3810 animadvertit.
664 3745 787 3811 Tamen
816 3737 952 3835 uterque
981 3748 1099 3814 editor'
1112 3746 1270 3835 quaedam
1292 3761 1384 3830 prae·
1415 3720 1417 3723 V

274 3863 430 3944 termisit,
467 3862 546 3926 eatis
574 3861 707 3958 inventu
741 3865 797 3930 illa
818 3865 946 3952 quidem
974 3864 1090 3931 facilia
1131 3863 1278 3949 Namque
1299 3858 1385 3947 quod

275 3979 398 4047 XXIV.
420 3978 482 4046 18¹
510 3982 640 4042 bucerus
667 3981 865 4065 nominatur,
904 3981 1168 4066 a'l'hcophraeto
1190 3982 1219 4066 ξ.
1246 3978 1284 4047 10
1308 3974 1386 4061 βυύ·
1485 4013 1488 4023 ,

277 4123 394 4187 aspar,
415 4095 467 4183 hic
487 4114 614 4181 qnoque
633 4098 822 4164 restituatur
839 4107 976 4186 oportet.
998 4099 1125 4165 Deinde
1146 4097 1304 4166 voeabula
1324 4115 1386 4161 noo

277 4221 407 4282 omnium
427 4218 491 4280 stae
518 4231 594 4278 auco
616 4214 771 4299 proximis
799 4237 878 4296 quae
897 4232 1006 4284 carent
1024 4239 1099 4308 arco
1127 4215 1287 4284 contraria
1313 4231 1387 4278 esse
1425 4279 1431 4293 Ι

279 4338 428 4419 apparete
452 4330 563 4415 iraque
579 4333 829 4418 transpositione
849 4337 1041 4423 corrigenda
1062 4342 1145 4401 sunt.
1168 4334 1311 4401 Casuum
1331 4350 1386 4396 ra·

279 4446 612 4531 netate'deleetatns,
633 4455 670 4513 nt
690 4451 784 4546 solet,
805 4451 931 4518 Plinius
951 4436 1114 4540 scripsit:¹

319 4593 349 4634 u.
372 4574 502 4634 trucem
522 4585 551 4642 q.
572 4583 599 4628 e.
622 4569 649 4643 s.
670 4587 700 4646 a.
724 4575 851 4650 arquatis
877 4576 958 4636 odor
978 4578 1106 4636 omnium
1132 4590 1192 4634 aon
1222 4574 1287 4633 erne
1312 4570 1388 4630 ricco

320 4698 375 4770 aar,
397 4708 426 4750 u.
448 4701 525 4748 m.
547 4711 575 4756 c.
597 4711 626 4772 q.
646 4695 722 4755 υἷι.
744 4696 868 4768 aquam
886 4710 915 4754 c.
935 4711 961 4755 r.
