3567 5559
711 670 827 788 ‘aia
846 717 937 786 urz.
1102 737 1109 745 ’
1346 717 1387 790 11

706 875 969 1002 iniectu.
1050 947 1058 964 ·
1289 953 1292 960 -
1401 893 1471 992 'res

322 1058 401 1137 Sic
426 1057 467 1135 fit
498 1065 538 1135 ut
563 1060 680 1160 prima
714 1061 904 1137 cacumina
928 1059 1067 1162 impelli
1093 1059 1232 1136 secutis
1259 1081 1390 1158 appar·

324 1197 396 1268 eat
422 1189 634 1290 geniculato
660 1192 902 1274 incremento.
952 1191 1074 1284 Tertia
1106 1196 1163 1268 est
1190 1191 1390 1268 earundem

332 1319 603 1429 (germinatio)
627 1323 700 1403 rel.

367 1471 578 1556 Partieipium
590 1471 722 1556 perfecti
739 1493 810 1536 eum
832 1473 1011 1557 praesentis
1034 1473 1189 1546 infinitivo
1210 1472 1293 1535 male
1315 1491 1391 1548 con·

260 1588 377 1674 iungi
401 1588 469 1652 Siil.
505 1589 736 1667 animadvertit.
779 1588 862 1653 llam
886 1589 940 1675 qui
969 1589 1009 1654 ab
1031 1589 1111 1654 Iano
1132 1586 1281 1654 laudetur
1300 1589 1391 1653 locus

254 1705 390 1772 XVII.
415 1704 464 1772 16.
487 1725 525 1769 ao
549 1705 669 1789 differt,
703 1705 788 1793 quod
822 1706 867 1771 ibi
901 1707 991 1771 serbi
1026 1725 1190 1771 excurrere
1213 1704 1391 1791 perfectum

255 1821 610 1910 participioperieoti
626 1823 799 1906 praecedit.
841 1823 905 1888 Hic
926 1844 1002 1890 vero
1024 1823 1079 1888 ubi
1101 1823 1141 1887 de
1164 1823 1324 1908 tripartita
1341 1842 1390 1886 ar-

255 1941 402 2006 bonum
414 1938 617 2024 amessiam
636 1940 870 2025 germinatione
889 1941 1011 2026 agitur,
1035 1941 1119 2006 iuter
1136 1919 1264 2020 anatim
1285 1945 1320 2005 et
1332 1949 1390 2004 ter·

258 2065 355 2122 tiam
379 2054 646 2140 germinationem
668 2056 846 2121 mediaest
868 2057 1024 2140 secunda,
1046 2057 1153 2143 itaquo
1167 2056 1389 2136 scribendum:

257 2177 438 2254 secundis.
1099 2193 1102 2197 ·

713 2296 968 2383 111=2a4s
1410 2315 1480 2384 aru

330 2440 396 2516 Fit
426 2439 524 2519 haee
558 2440 763 2517 differentia
789 2448 826 2518 et
850 2465 899 2519 ex
925 2464 1036 2532 sexu,
1062 2441 1099 2517 in
1125 2441 1245 2541 iisque
1270 2463 1391 2518 maras

332 2593 414 2649 uon
436 2571 578 2664 ierunt3

265 2719 398 2787 Verba
418 2725 449 2783 ia
466 2726 562 2800 iisque
575 2719 691 2806 quippe
710 2739 792 2806 quae
813 2741 876 2807 quo
898 2721 1077 2786 referantur
1088 2743 1153 2787 uon
1168 2721 1310 2785 habeant
1323 2679 1391 2785 cor·-

265 2845 383 2923 rupta
416 2856 489 2900 esse
509 2830 597 2901 recte
624 2837 690 2900 Sili.
712 2823 1008 2923 monuit'idemque
1044 2839 1199 2924 scriptura
1229 2835 1391 2901 codicisa
1442 2855 1443 2858 ’

270 2952 443 3022 mendum
465 2954 618 3017 orationis
640 2952 773 3017 indicari
795 2954 961 3019 intellexit.
994 2953 1088 3029 Quod
1108 2953 1194 3018 facili
1214 2953 1391 3018 mutatione

273 3071 421 3138 tollitur.
461 3069 594 3134 Scilicet
609 3039 696 3133 haec
713 3058 838 3134 hahent
853 3070 942 3135 libri:

326 3187 367 3252 d:
390 3164 422 3250 'er
440 3208 481 3251 ex
500 3207 576 3251 sexa
598 3193 630 3251 in
651 3192 755 3266 iisque.
831 3237 836 3250 .

324 3304 480 3368 D1em22
502 3316 531 3368 ct
546 3303 724 3390 (quomodo
738 3304 884 3393 proxima
895 3325 960 3370 vox
973 3305 1139 3387 scribatur,
1161 3325 1225 3369 uon
1236 3307 1391 3384 constat).

327 3443 368 3486 a:
390 3442 429 3485 ex
449 3427 554 3486 vicinia
575 3441 642 3501 que.

327 3539 349 3604 i.
374 3559 400 3605 e.
423 3550 452 3602 et
470 3560 545 3604 sexu
567 3548 598 3605 in
618 3504 657 3604 iis
677 3559 756 3618 quae
776 3525 875 3602 marea
896 3558 958 3603 non
977 3541 1096 3620 serunt,

277 3675 331 3720 ee.
361 3654 394 3716 in
420 3655 461 3718 iis
492 3657 763 3742 arboribusquae
785 3677 856 3720 cum
878 3675 984 3720 mares
1007 3655 1070 3719 sint
1090 3677 1155 3720 nou
1176 3655 1297 3750 ierunt,
1329 3653 1392 3722 ica
1430 3671 1433 3676 ’

279 3773 452 3838 καλοῦσιν
473 3771 599 3861 ἄρρενα
620 3780 688 3838 τῶν
711 3769 879 3857 ὁμογενῶν
902 3771 1054 3860 ἄκαρπα,
1082 3769 1322 3856 Theophrastus
1343 3773 1391 3835 in·

282 3887 361 3983 quit
381 3885 439 3959 ΙΙΙ
463 3890 492 3956 3.
513 3891 543 3957 7.
557 3927 593 3936 -
617 3891 716 3979 Paulo
739 3895 814 3953 ante
834 3889 868 3952 in
888 3894 964 3954 silva
987 3893 1080 3953 cende
1101 3886 1186 3973 quod
1203 3887 1272 3952 coil.
1295 3886 1392 3951 aha-

285 4003 350 4068 bet
373 4005 462 4081 (cod.
486 4006 516 4073 d.
539 4011 648 4084 cende)
686 4026 804 4071 nomen
825 4007 988 4091 proprium
1008 4006 1108 4069 latere
1129 4003 1226 4068 Ianus
1249 4003 1392 4069 animad-

283 4121 404 4203 vertit,
427 4127 605 4187 Canderiam
621 4123 722 4187 luisse
738 4130 846 4209 putat,
867 4122 999 4209 propius
1015 4121 1056 4186 ad
1067 4122 1243 4187 litterarum
1256 4121 1392 4187 formem

285 4242 433 4302 Candore
453 4239 579 4304 videtur
601 4241 754 4305 accedere
775 4240 796 4305 i.
819 4261 847 4305 e.
859 4241 985 4321 Martia,
1008 4239 1193 4306 Candaeum
1210 4239 1294 4304 enim
1308 4239 1400 4344 Marj.
1506 4239 1515 4246 ’

284 4363 354 4422 tem
376 4357 520 4442 appellat
541 4356 711 4443 Lycophro
733 4357 805 4425 528.
827 4357 921 4425 1410.
1002 4354 1005 4360 ’

712 4515 731 4601 ,1,
796 4515 975 4600 :esea
1414 4513 1474 4588 271

333 4643 496 4738 citimi
511 4645 639 4734 emsa
652 4515 1087 4740 certissimarum
1103 4663 1385 4745 asumpserunt.
