3567 5559
695 770 787 833 Liber
808 772 913 834 XXX.
1298 767 1358 838 187

694 1003 957 1090 tor=12‚33.‘
1380 1017 1442 1086 672

245 1152 248 1156 ⁴
288 1129 556 1208 Carbunculus
582 1175 626 1186 -—
655 1131 825 1209 aboletur
853 1178 899 1191 -
925 1134 1055 1233 apibus
1083 1156 1178 1232 quae
1196 1135 1231 1209 in
1249 1131 1359 1209 melle

287 1264 371 1340 sint
398 1265 614 1342 immortuae
644 1289 799 1358 (mortuae
836 1290 923 1348 recte
951 1283 1047 1367 vulgo
1086 1303 1103 1346 e
1136 1282 1225 1352 libris
1247 1281 1356 1360 MSS.)

286 1396 482 1496 impositis
510 1397 733 1498 polentaque
759 1400 931 1500 imposita
963 1401 1177 1499 [inspersat

326 1529 532 1593 Vocabulum
563 1507 703 1610 inspersu
725 1539 830 1614 utrum
853 1531 1070 1617 dittographia
1098 1539 1201 1596 ortum
1224 1553 1264 1596 an
1287 1553 1358 1618 pro·

235 1645 351 1731 rimae
377 1647 448 1710 voci
470 1647 643 1732 glossema'
652 1649 795 1712 additum
819 1670 890 1713 esse
915 1649 1034 1732 dicam,
1063 1650 1224 1736 quomodo
1248 1652 1275 1734 ξ.
1298 1649 1360 1718 106
1384 1707 1390 1715 .

236 1769 373 1827 occidat
394 1765 465 1828 voci
486 1771 613 1845 incipiat
634 1767 831 1852 adscriptum
854 1767 1080 1850 saeviretur,
1102 1768 1226 1831 nescio:
1250 1743 1358 1830 delen·

238 1879 318 1945 dum
344 1883 459 1967 utique
482 1889 540 1946 est.
606 1914 610 1920 ·

594 2008 663 2078 roo
691 2010 727 2078 et
756 2007 873 2079 11o·
907 2003 1024 2092 lasa
1320 2049 1322 2054 .
1380 2051 1441 2120 573

290 2133 493 2209 Ambustis
520 2134 641 2209 canini
660 2135 790 2234 capitis
817 2134 909 2210 cinis
922 2135 1092 2210 medetur
1109 2173 1146 2190 -·
1162 2156 1359 2210 nervorum

292 2265 409 2340 nodis
437 2267 566 2364 capitis
594 2267 748 2365 viperini
766 2265 858 2342 einis
885 2309 933 2322 —
958 2269 1094 2344 terreni
1116 2289 1262 2343 vermes
1276 2289 1358 2342 curn

293 2396 410 2474 melle
431 2396 521 2487 illiti,
551 2396 741 2475 doloribus
756 2423 882 2476 eorum
913 2400 1068 2500 [adips],
1095 2397 1360 2500 amphisbaena

294 2539 442 2606 mortua
468 2529 686 2630 adalligata,
714 2532 821 2632 adips
848 2531 1055 2609 volturinus
1083 2533 1147 2608 rel.

331 2667 479 2723 Ambusto
504 2662 555 2725 vel
577 2668 740 2727 Lambustu
774 2665 846 2727 libri
868 2664 1038 2746 exhibent,
1070 2665 1147 2729 item
1180 2669 1277 2728 nodus
1299 2663 1359 2745 R’,

244 2783 344 2841 ›rouos
376 2779 418 2841 ΕΙ
451 2787 543 2856 (nam
566 2801 668 2867 usque
701 2781 742 2844 ad
765 2783 793 2866 ὃ.
817 2782 877 2850 119
912 2781 983 2844 hoo,
1001 2781 1082 2844 libro
1103 2781 1360 2865 Luciliburgensi
1456 2789 1461 2797 '

249 2906 383 2980 propter
395 2896 539 2960 Micholis
554 2898 743 2961 industriam
752 2899 799 2962 uti
818 2899 925 2982 licet),
943 2904 1061 2963 dolores
1072 2919 1191 2963 omnes.
1216 2901 1360 2983 Apparet

246 3010 346 3093 igitur·
368 3014 507 3077 Plinium
529 3015 560 3078 h.
583 3015 603 3078 l.
625 3015 757 3079 verbum
782 3016 924 3097 ,mederi‘
952 3037 1024 3080 oum
1047 3022 1160 3101 quarto
1184 3036 1261 3079 casu
1283 3035 1357 3079 oon·

247 3127 404 3197 iunxisse.
448 3131 613 3195 Vermium
636 3140 743 3196 autem
768 3132 899 3217 ‘adipem
921 3134 991 3219 quis
1025 3139 1176 3219 umquam
1202 3131 1282 3197 vidit
1303 3137 1358 3196 aut

206 3271 211 3280 ·
250 3245 347 3312 lando
372 3250 543 3332 cognovit?
585 3249 687 3323 Quie
716 3249 934 3336 dittographia
967 3271 1005 3314 eo
1035 3250 1160 3313 facilius
1186 3251 1220 3313 in
1252 3250 1358 3313 locum

250 3383 382 3445 prorsus
404 3367 543 3429 alienum
577 3387 613 3429 sc
634 3367 823 3448 insinuavit,
859 3368 944 3453 quod
977 3367 1177 3436 librariorum
1206 3365 1359 3430 oculiad

252 3484 389 3561 proximi
412 3483 577 3567 archetypi
599 3503 726 3548 versum
749 3492 822 3568 post
841 3483 970 3548 XXVII
983 3485 1109 3548 litteras
1130 3504 1150 3547 a
1171 3503 1250 3548 voce
1271 3489 1360 3562 adips

251 3595 456 3684 incipientem
480 3601 677 3665 aberrarunt.

671 3739 947 3831 11231138.
1256 3780 1259 3786 ·
1379 3730 1441 3798 674
1502 3830 1507 3842 „

301 3891 321 3942 e
348 3867 499 3943 naribus
531 3867 706 3944 fluentem
748 3869 988 3968 (sanguinem
1023 3867 1176 3958 sistunt)
1207 3887 1360 3940 -ara-

301 3999 362 4075 nei
387 3999 494 4089 telae,
522 3999 720 4100 gallinacei
746 4000 971 4078 cerebellum
994 3996 1054 4074 vel
1082 3988 1360 4098 sanguiapro-

299 4131 413 4207 lluuia
440 4120 488 4210 ex
513 4135 685 4224 cerebro,
712 4134 799 4209 item
827 4131 1059 4210 columbinus
1082 4128 1148 4205 rel.
1188 4171 1189 4176 ¹

337 4262 453 4328 Galeni
474 4265 580 4330 locum
606 4265 665 4344 (do
686 4266 748 4330 iao.
771 4266 873 4350 simpl.
896 4265 981 4330 med.
1003 4264 1044 4330 X.
1066 4264 1145 4343 278)
1172 4262 1360 4327 Harduinus
1440 4341 1444 4356 1

257 4380 369 4462 attulit,
390 4381 446 4444 ubi
467 4384 601 4468 sanguis
623 4383 793 4469 gallinacei
816 4382 942 4460 εἰςτὰς
965 4389 1032 4448 τῶν
1058 4387 1222 4467 μηνίγγων
1244 4380 1359 4464 αἱμορ-

258 4505 369 4580 ραγίας
392 4499 546 4582 prodesse
568 4473 713 4568 traditur.
756 4500 869 4586 Itaque
888 4501 1144 4584 interpunctione
1166 4497 1294 4562 sublata
1313 4471 1381 4561 les

258 4624 346 4696 gutur
367 4625 512 4702 oportet:

293 4742 339 4800 vel
352 4741 479 4814 sanquis
497 4740 649 4816 profluvia
672 4756 711 4798 aa
730 4738 863 4800 cerebro.
