3567 5559
699 517 802 584 Μαι·
822 517 910 586 1²11.
1299 513 1361 582 lat

233 702 384 788 garsias
404 700 517 766 retulit
536 721 715 769 assensum
735 714 856 771 nactus
878 705 1007 772 Hertzii
1027 704 1096 791 (De
1116 705 1237 790 Nigidii
1253 700 1359 790 Figuli
1423 726 1426 735 ·

231 821 366 886 studiis
388 832 490 906 atque
510 821 638 905 operib.
660 843 691 905 p.
701 820 772 907 43),
794 822 895 889 valde
914 825 1077 890 incertum
1098 843 1176 890 esse
1198 822 1359 888 videatur.

231 941 316 1024 lpse
341 939 434 1004 enirn
455 937 610 1003 Hertzius
637 916 776 1004 monuit
793 960 881 1025 quae
903 942 980 1006 inde
1002 941 1142 1008 Servius
1164 935 1206 1006 ad
1228 940 1311 1004 Aen.
1332 938 1358 1008 Ι.

233 1057 308 1123 178.
335 1057 525 1141 exscripsit
544 1057 651 1141 magis
672 1057 715 1121 ad
735 1046 914 1122 verborum
938 1059 1105 1141 notionem
1125 1056 1360 1142 explicandam

230 1179 427 1264 pertinere,
449 1187 659 1263 quapropter·
677 1177 710 1241 in
734 1177 891 1242 Scriverii
913 1179 1112 1243 sententiam
1136 1178 1190 1263 qui
1214 1175 1279 1260 „de
1301 1197 1359 1240 uo-

231 1296 544 1367 minum.natnra“
568 1295 634 1379 legi
661 1292 779 1374 voluit,
807 1314 866 1360 me
886 1294 1048 1362 inclinare
1076 1294 1195 1362 fateor.
1238 1295 1360 1360 Restat

230 1429 273 1484 ut
304 1417 496 1484 secuudum
517 1414 595 1479 illud
627 1415 830 1479 enuntiatum
857 1417 1019 1500 scriptum
1048 1416 1179 1502 quidem
1207 1433 1228 1478 a
1255 1414 1357 1478 Plinio

232 1555 320 1602 esse
347 1535 577 1602 concedemus
598 1533 696 1618 (quis
718 1529 804 1598 enim
831 1545 898 1598 tarn
925 1519 1132 1599 reconditum
1157 1533 1357 1617 scriptorem

232 1667 315 1742 post
334 1655 432 1721 iilum
454 1652 649 1719 adhibuisse
669 1637 841 1738 putandus
852 1653 940 1738 esti)
963 1635 1026 1718 sed
1048 1655 1092 1716 ad
1113 1653 1257 1718 absoluti
1278 1670 1357 1738 npe-

230 1777 282 1840 ris
304 1774 498 1858 marginem
520 1793 539 1838 e
561 1773 748 1856 posteriore
770 1773 916 1839 lectione
936 1773 1084 1838 additum
1113 1783 1147 1838 et
1173 1769 1215 1837 ab
1241 1773 1281 1838 lis
1301 1773 1357 1858 qul

232 1905 313 1980 post
329 1891 486 1958 auctoris
507 1900 647 1954 mortem
662 1888 767 1955 libros
782 1891 893 1955 denuo
907 1891 1052 1955 describi
1072 1905 1239 1969 curarent,
1261 1912 1369 1976 prae-¹

231 2024 381 2098 postero
409 2009 487 2073 loco
513 2009 547 2073 in
575 2008 683 2091 ipsam
709 2006 892 2071 orationem
919 2016 1094 2091 receptum
1120 2029 1207 2073 esse.
1252 2010 1358 2074 Vides

232 2133 354 2215 igitur,
374 2127 462 2213 quod
476 2123 643 2210 Bergkius'
658 2123 692 2187 iu
710 2119 832 2188 ultimis
852 2121 946 2189 libris
968 2121 1093 2190 factum
1118 2147 1196 2192 esse
1221 2097 1358 2194 arbilra·
1389 2125 1392 2132 ’

234 2261 295 2313 tur
317 2241 715 2330 (Exercitt.l²lin.l.p.3),
737 2242 824 2308 idem
844 2243 909 2308 ium
933 2245 975 2310 de
995 2257 1112 2311 nostro
1135 2247 1211 2314 loco
1233 2247 1357 2317 valere.

234 2369 293 2432 Ac
317 2364 437 2430 nescio
459 2382 504 2426 an
526 2361 616 2425 idem
639 2361 681 2425 de
702 2359 804 2446 §.8st
834 2360 1048 2430 iudicandum
1075 2363 1127 2432 sit'.
1180 2363 1228 2432 lbi
1257 2368 1356 2446 enlm,

236 2505 340 2570 quum
370 2482 437 2547 ium
465 2479 499 2566 ς.
513 2478 565 2545 78.
585 2474 753 2543 homiuum
784 2481 952 2545 concretis
974 2484 1108 2549 ossibus
1129 2484 1357 2570 praeditorum

233 2605 365 2671 mentio
388 2600 482 2667 fucta
506 2599 566 2678 sit,
595 2595 672 2663 loco
694 2597 793 2665 valde
814 2599 1004 2686 importuno
1031 2600 1122 2668 haec
1142 2604 1248 2668 verba
1269 2597 1363 2668 inse·⁴

234 2733 379 2788 runtur:

669 2922 921 3018 ao=1o,1a.
1064 2959 1068 2965 -
1377 2962 1438 3029 ms

293 3113 445 3213 Qurbus
471 3117 602 3185 natura
626 3114 802 3183 concreta
831 3115 919 3180 sunt
945 3131 1047 3202 ossa,
1079 3104 1254 3206 quisunt
1280 3111 1357 3188 rari

293 3246 507 3341 admodum,
535 3237 662 3319 cornei
689 3239 931 3342 appellantur.
1067 3345 1070 3350 ,

325 3432 427 3507 Quae
440 3429 485 3493 ita
496 3437 574 3493 sunt
593 3434 801 3512 comparata,
823 3435 861 3490 ut
877 3445 989 3511 neque
1009 3447 1108 3514 quem
1122 3427 1233 3496 locum
1250 3451 1357 3500 occu-
1490 3498 1505 3511 ,

239 3562 323 3634 pant
343 3549 521 3613 commode
538 3545 690 3612 obtinere
710 3565 819 3630 neque
840 3546 883 3608 ad
897 3544 926 3632 ς.
939 3541 990 3613 78.
1012 3545 1188 3615 transferri
1211 3553 1356 3635 possint,

239 3667 402 3756 quoniam
429 3666 473 3731 ibi
503 3661 598 3750 prior
623 3670 726 3732 certe.
745 3665 904 3730 enuntiati
937 3671 1019 3750 pars
1054 3663 1237 3734 omittenda
1274 3679 1355 3735 erat.

241 3788 363 3863 Quare
381 3794 440 3850 aut
459 3785 502 3849 ab
523 3785 600 3871 ipso
622 3782 787 3868 scriptore
810 3793 933 3867 postea
955 3785 1126 3870 adscripta
1147 3795 1204 3850 aut
1224 3785 1356 3852 alibra-

240 3907 293 3971 rio
315 3904 463 3989 quodam
477 3911 637 3966 annotata
658 3920 736 3964 esse
759 3899 908 3984 putanda
930 3910 1015 3964 sunt.
1060 3890 1209 3967 Alterum
1230 3902 1356 3970 idcirco

242 4017 395 4084 fortasse
418 4016 678 4104 praeferendum
698 4019 776 4096 erit,
804 4017 882 4106 quia
903 4017 991 4083 infra
1011 4019 1134 4088 XXXI.
1158 3993 1226 4087 102.
1248 4023 1356 4107 pisca·

242 4149 353 4204 torum
379 4159 527 4223 corpora
553 4139 586 4202 in
618 4137 807 4204 universum
837 4159 965 4205 cornea
987 4139 1209 4226 appellantur.
1258 4141 1285 4230 §
1305 4144 1357 4213 81.

241 4255 462 4343 „prodigiosa
474 4256 591 4323 virium
602 4255 799 4340 relatioue“,
820 4266 856 4321 ut
871 4277 945 4322 cum
961 4257 1091 4326 cod.R²
1108 4259 1223 4346 legere
1238 4261 1357 4349 aialim,

241 4377 392 4444 namatio
414 4371 638 4462 significatur,
657 4384 745 4460 quae
766 4368 866 4442 fldem
884 4377 1053 4445 excedere
1075 4375 1241 4446 videatur.
