3567 5559
452 548 497 619 dl
870 546 1045 615 nunu.
1067 548 1144 615 ΙΙΙ.

452 732 687 822 Nymphaeum
707 744 776 801 tem
796 742 994 800 metantur
1012 734 1134 801 ardere
1155 732 1276 818 relert,
1299 744 1352 814 nt,
1378 734 1558 821 siquando

317 888 322 895 ·
451 854 645 922 intermittat
666 855 765 941 ignis,
787 852 960 920 minuitas
981 854 1106 939 oppido
1121 854 1231 919 vicino
1252 852 1423 921 inminere
1446 853 1559 920 videa·

452 985 515 1043 ter.
544 975 628 1041 Loci
648 973 761 1039 autem
780 973 882 1039 situm
901 981 968 1037 tam
991 971 1154 1039 similibus
1172 972 1287 1039 verbis
1309 971 1489 1057 descripsit
1500 972 1559 1039 Dio

453 1091 647 1161 Onss.XLl.
659 1090 713 1169 45,
734 1100 774 1155 ut
791 1091 1197 1157 nemorisriucuuditatem
1221 1090 1329 1157 eidem
1349 1094 1452 1157 monti
1467 1091 1561 1157 tribui

451 1208 629 1276 manifesto
649 1218 822 1293 appareat.
848 1207 1007 1273 Ceterum
1028 1230 1091 1293 pro
1109 1208 1254 1298 peliden·
1272 1228 1348 1277 curn
1371 1210 1522 1276 Pintiano
1543 1232 1560 1273 e

451 1328 620 1395 strabone
642 1325 714 1393 vlt.
729 1350 764 1411 p.
778 1324 852 1394 31⁰.
871 1324 1034 1414 eqclidnrn
1053 1327 1187 1412 scripsi.
1226 1379 1229 1388 .

888 1580 1131 1669 mum

388 1754 432 1820 ta
496 1757 499 1766 “
633 1842 639 1849 .
711 1766 717 1775 ⁴
832 1752 1208 1851 ·1,2=Sect.1.·

500 1926 741 2029 Quapropter
764 1932 955 1999 auctorem
975 1924 1159 2017 nemiuem
1185 1948 1297 2001 uuum
1323 1951 1470 2027 sequar,
1496 1928 1563 2005 sed

498 2073 541 2140 ut
566 2088 750 2165 quemque
775 2060 1010 2139 verissimum
1038 2061 1077 2137 in
1104 2085 1248 2163 quaque
1276 2071 1381 2164 purte
1409 2063 1564 2140 arbitra-

498 2201 578 2274 bor.
630 2195 814 2296 Quoniam
842 2220 1037 2269 commune
1063 2197 1182 2271 ferme
1216 2198 1383 2273 omnibus
1417 2198 1488 2272 fuit
1523 2210 1565 2274 ut

460 2317 464 2325 ¹
498 2354 563 2405 eos
591 2328 747 2429 quisque
772 2325 1050 2427 diligentissime
1076 2327 1169 2401 situs
1195 2330 1339 2403 diceret
1364 2331 1401 2403 iu
1426 2333 1564 2427 quibus

456 2484 460 2491 ·
493 2466 576 2566 ipse
612 2462 816 2563 prodebat,
860 2458 946 2536 idco
979 2434 1050 2535 nec
1087 2462 1242 2561 culpabo
1269 2472 1333 2537 aut
1360 2488 1563 2564 coarguam

456 2600 461 2612 '
495 2622 727 2701 quemquam.

527 2745 691 2829 Elumbis,
710 2748 740 2814 si
761 2747 850 2813 hanc
874 2744 990 2831 Silligii
1010 2746 1312 2834 interpunctionem
1335 2752 1501 2839 sequaris,
1526 2768 1562 2821 et

441 2871 646 2938 inconcinna
673 2868 848 2934 sententia.
900 2864 1063 2932 Diversus
1090 2869 1123 2933 in
1147 2869 1289 2936 diversis
1318 2873 1470 2958 partibus
1499 2893 1558 2939 nu·

444 3004 560 3058 etores
581 3008 621 3056 se
642 2988 771 3055 idcirco
796 3000 990 3053 secuturum
1011 3007 1090 3053 esse
1112 2990 1159 3052 ait
1182 2988 1317 3075 Plinius,
1336 2993 1494 3077 quonium
1516 3014 1558 3059 ea

391 3193 399 3207 .
443 3122 571 3179 tautum
593 3107 717 3192 singuli
735 3110 898 3176 accurate
921 3109 1139 3192 prodiderint,
1161 3129 1249 3194 quoe
1265 3124 1302 3177 ut
1321 3114 1434 3179 vicine
1456 3134 1556 3184 accu-

443 3238 518 3313 rate
532 3227 839 3308 novissentjetgquc
859 3235 1044 3309 propterea
1065 3246 1132 3312 nou
1153 3246 1197 3293 ca
1216 3200 1446 3317 vituperanda,
1466 3254 1556 3321 quae

441 3344 627 3423 nescirent,
649 3342 712 3406 sed
728 3361 815 3426 quac
831 3352 926 3410 reete
939 3341 1157 3426 protulissent
1168 3342 1339 3413 laudanda
1351 3368 1440 3417 esse.
1463 3350 1555 3417 Scri·

442 3462 588 3529 bendum
610 3469 663 3525 cst
683 3458 798 3543 igitur:
1202 3440 1205 3450 ¹
1299 3532 1304 3541 ,

484 3575 686 3656 arbitrabor,
710 3576 865 3670 quonium
887 3612 930 3627 -
953 3574 1127 3663 prodebam
1158 3577 1230 3645 ideo
1255 3602 1318 3646 uec
1338 3582 1472 3673 culpabo
1494 3598 1555 3653 nott

452 3730 466 3763 ·.
483 3719 659 3787 conopeum
678 3714 883 3791 quemquam.
900 3736 925 3757 „

464 3876 467 3882 .
495 3824 499 3833 '
523 3815 648 3901 Ultima
669 3814 776 3881 uerba
801 3834 870 3881 uon
899 3834 979 3881 esse
1005 3814 1190 3901 apoduein,
1226 3820 1289 3886 sed
1320 3821 1399 3887 novi
1426 3821 1551 3908 aliquid

440 3938 594 4005 adiicere
607 3938 674 4003 iam
696 3933 888 4001 lietduinus
907 3934 1175 4021 ‘urterpnnotione
1194 3937 1408 4026 significavit.

379 4090 423 4156 46
518 4101 522 4110 ’
720 4177 740 4192 ..
905 4086 981 4160 6:
998 4088 1034 4184 1,
1049 4090 1085 4164 2.

487 4240 533 4319 ln
560 4264 606 4315 co
629 4198 752 4349 priupl
776 4220 961 4338 Hispania
993 4249 1178 4322 terrarum
1210 4236 1268 4319 est
1303 4242 1457 4357 ulterior
1475 4220 1546 4349 ‘ap-

455 4341 461 4352 ο

486 4376 634 4476 pellata,
661 4375 793 4453 eudem
815 4372 994 4469 Baetica3
1025 4400 1112 4453 mox
1139 4377 1258 4453 afine
1285 4354 1467 4483 Urgitauo
1494 4383 1545 4461 ci-

484 4508 601 4591 terior
626 4511 832 4613 eademque
848 4512 1141 4593 'luraoonausir
1168 4515 1215 4593 ad
1232 4518 1420 4617 Pyrenaei
1442 4519 1541 4623 iuga.
