3567 5559
433 729 497 798 222
864 733 954 792 liber
975 732 1111 794 XXXV.

433 927 564 1012 vulgato
598 945 663 1010 qao
689 924 804 988 utebar
835 925 983 1010 exemplo
1007 923 1211 1008 legebantur,
1243 923 1298 1008 qui
1321 930 1355 986 ct
1376 920 1458 1004 apud
1478 919 1538 982 Sil·

433 1043 543 1127 liginm
565 1051 599 1105 et
620 1040 707 1126 apud
725 1041 838 1106 lanum
853 1041 1063 1106 ‘emendatius
1085 1042 1277 1104 scribumnr.
1319 1039 1416 1113 Quod
1435 1048 1537 1102 autem

433 1161 464 1244 3.
485 1159 526 1225 56
547 1173 690 1237 «eriperer,
724 1159 754 1242 3.
775 1161 816 1224 t'rl
837 1166 1062 1234 increbruerat,
1097 1160 1126 1242 3.
1148 1160 1189 1224 82
1211 1175 1239 1218 et
1270 1177 1393 1219 reverso
1420 1157 1538 1239 scripsi,

435 1277 705 1362 Bambergensem
727 1276 870 1340 codicem
902 1285 1031 1340 secutus
1054 1297 1143 1354 sum,
1179 1277 1220 1340 de
1242 1297 1305 1361 quo
1330 1276 1415 1338 falsa
1436 1295 1452 1336 a
1472 1273 1539 1336 Sill.

433 1395 611 1457 traduntur.
653 1395 683 1478 3.
709 1397 746 1460 li
768 1414 852 1456 nunc
872 1393 971 1457 Ianus
995 1395 1141 1457 lacunam
1172 1396 1279 1458 inesse
1317 1385 1540 1457 statuit'recte

432 1521 469 1574 ut
489 1511 632 1591 videtur,
669 1512 699 1593 3.
726 1511 762 1578 19
785 1511 871 1574 idem
905 1509 988 1576 bene
1015 1533 1034 1574 e
1058 1513 1081 1574 B
1106 1517 1202 1573 Pucrn'
1236 1531 1300 1574 non
1325 1516 1453 1574 Paeonii
1478 1509 1538 1593 legi

318 1692 323 1701 ,
433 1629 541 1692 voluit.

860 1787 910 1857 29
938 1805 977 1834 =
1004 1786 1102 1869 5,11.

485 1912 627 2006 Quibus
652 1911 839 1988 coloribus
865 1912 1024 2010 singulis
1051 1914 1154 2012 primi
1182 1913 1412 2011 pinxissent,
1450 1912 1539 1986 dixi-

484 2069 566 2122 mus
592 2069 676 2122 curn
703 2045 750 2120 de
775 2043 834 2120 his
859 2045 1058 2143 pigmentis
1095 2046 1324 2120 traderemus
1351 2048 1389 2121 in
1416 2042 1540 2121 metal-

484 2177 540 2252 lis.
592 2175 695 2270 Quae
733 2201 820 2254 mox
853 2174 1167 2278 incogranrnratea
1196 2202 1338 2277 genera
1379 2180 1539 2277 picturae

486 2318 676 2406 vocantur]
698 2311 761 2407 qni
787 2310 924 2386 deinde
952 2319 989 2385 et
1015 2333 1110 2408 quae
1126 2313 1334 2387 invenerint
1349 2320 1386 2385 et
1409 2311 1539 2408 quibus

483 2442 722 2542 temporibus
750 2444 918 2518 dicemus
944 2444 980 2517 in
1008 2445 1193 2520 mentione
1219 2443 1412 2519 artilicum.

516 2591 567 2654 Ita
583 2591 665 2674 Sill,
699 2594 753 2678 qui
774 2594 966 2657 sententiam
999 2593 1086 2658 illam
1108 2593 1234 2657 videtur
1267 2593 1481 2672 intellexisse,
1514 2593 1539 2654 si

434 2722 543 2798 tamen
564 2712 724 2774 sententia
746 2710 938 2795 appellanda
959 2722 1016 2790 est,
1040 2710 1188 2792 equidem
1202 2732 1254 2774 me
1269 2709 1348 2774 nihil
1363 2711 1540 2794 intelligere
1623 2719 1624 2753 r

434 2829 553 2910 iate0r3
589 2848 693 2913 neque
726 2849 822 2912 quam
856 2830 954 2891 Ianus
997 2829 1173 2892 orationem
1207 2829 1303 2892 Plinii
1338 2849 1412 2891 esse
1445 2829 1540 2890 voluit

435 2948 500 3030 ,qni
526 2985 555 2992 -
583 2967 667 3030 quae
687 2949 853 3008 rocanmr‘
874 2946 931 3008 rel.
959 2945 1059 3008 multo
1080 2945 1257 3009 faciliorem
1284 2945 1449 3009 intellectu
1472 2965 1539 3007 esse

435 3064 622 3148 putaverim.
644 3063 726 3126 Nam
744 3063 912 3127 relativum
934 3069 986 3141 qui
1007 3063 1056 3126 bis
1076 3064 1110 3126 in
1125 3063 1218 3127 codd.
1231 3065 1369 3147 positum
1393 3083 1414 3126 a
1435 3085 1537 3147 gram-
1622 3055 1623 3066 ’

435 3182 562 3260 metica,
583 3180 718 3242 alterum
731 3193 760 3242 e!
771 3201 851 3258 ptrue
860 3201 881 3242 a
891 3182 938 3244 rei
950 3182 1084 3244 veritate
1093 3181 1256 3261 abhorret,
1276 3200 1388 3244 vocem
1403 3181 1540 3264 donique

434 3309 676 3375 neoprummoteu
689 3297 846 3361 Graecam
859 3317 932 3362 esse
953 3299 1024 3382 quis
1041 3297 1218 3362 concedet?
1240 3298 1409 3381 Duplicem
1433 3307 1540 3360 autern

369 3421 394 3483 ‘‚
435 3417 467 3478 in
488 3414 619 3478 modum
641 3435 661 3476 a
682 3415 820 3478 librariis
845 3423 1014 3500 peccatum
1037 3423 1096 3496 est,
1119 3437 1136 3480 e
1159 3415 1274 3499 quibus
1289 3415 1540 3499 Bambergensis
1621 3439 1622 3464 i

435 3552 532 3596 verae
539 3532 686 3595 lectionis
697 3533 836 3616 vestigia
844 3533 959 3596 saltem
970 3541 1137 3613 monstrat,
1150 3532 1265 3617 quibus
1276 3533 1426 3597 insistere
1438 3534 1540 3598 liceat.

435 3651 546 3714 Habet
562 3649 648 3713 enim
672 3664 916 3728 neoprommotae
937 3672 997 3728 ap.
1004 3673 1034 3728 p.
1058 3663 1215 3732 uocantur,
1229 3650 1323 3714 'unde
1344 3650 1433 3714 haud
1445 3651 1540 3714 dubie

348 3821 353 3827 .
436 3768 628 3832 substantivi
650 3769 783 3832 alicuius
807 3770 923 3852 Graeci
944 3769 1041 3832 finem
1070 3789 1142 3832 cum
1163 3771 1350 3850 pronomine
1371 3768 1540 3843 lucramur,

436 3908 498 3972 quo
521 3887 564 3949 ad
585 3886 723 3971 priorem
745 3905 876 3950 sensum
898 3906 1094 3950 revocamur.
1137 3887 1263 3950 Primae
1285 3893 1392 3948 autem
1416 3886 1540 3948 litterae
1620 3889 1621 3902 ¹

435 4023 454 4066 e
485 4007 633 4087 proxima
663 4004 778 4096 vocula
811 4006 857 4067 ita
891 4005 1016 4068 restitui
1050 4004 1141 4071 lieet:
1186 4016 1449 4082 monuerurnrnoto.
1500 4007 1541 4066 Ar

435 4117 717 4200 ,monochromata‘
747 4123 828 4186 tales
851 4123 996 4207 picturae
1023 4143 1043 4186 a
1063 4122 1165 4185 Plinio
1187 4122 1411 4206 appellantur?
1446 4121 1539 4184 audio

435 4237 577 4300 locorum
598 4240 837 4302 notissimorum
859 4239 1014 4304 XXXIII.
1044 4242 1109 4319 117,
1130 4238 1268 4302 XXXV.
1291 4241 1326 4306 15
1350 4237 1424 4314 (ubi
1440 4259 1458 4301 e
1472 4237 1537 4302 cod,

435 4355 473 4418 B.
495 4374 513 4416 e
533 4359 776 4418 monochronoto
798 4357 864 4440 legi
884 4363 1029 4441 oportet)
1054 4357 1135 4420 bene
1153 4376 1287 4438 memor,
1308 4376 1413 4440 neque
1436 4377 1457 4418 a
1477 4356 1538 4418 I’li·

435 4472 489 4536 nio
510 4473 580 4558 ipso
602 4472 659 4536 sed
682 4494 703 4534 a
722 4475 931 4556 grammatico
952 4474 1007 4538 illo
1029 4495 1140 4538 vocem
1162 4475 1315 4558 optimam
1338 4474 1378 4536 ab
1391 4493 1534 4557 eaquaru

436 4592 615 4676 antiquiore
635 4599 742 4655 aetate
763 4590 826 4654 vim
855 4589 998 4654 habebat
1019 4591 1178 4656 deflexam
1205 4592 1257 4667 hic
1278 4599 1405 4676 praeter
1429 4611 1535 4654 neces·

439 4712 567 4775 uitatem
587 4709 730 4772 additam
755 4727 829 4772 ease
849 4725 978 4772 censeo.
1022 4711 1072 4772 lta
1091 4711 1177 4772 enim
1198 4727 1281 4794 quae
1302 4716 1427 4776 restam
1449 4707 1536 4774 facilc
