3567 5559
417 721 461 793 88
868 725 959 796 leber
977 727 1072 792 XIX.

502 921 574 998 Quo
595 942 771 1008 pronomen
792 927 871 988 bunc
891 922 1065 1004 referatur,
1093 925 1222 1006 neseio,
1252 943 1351 1011 neque
1372 926 1452 987 euim
1469 920 1503 984 sd

420 1040 529 1106 caules
552 1059 663 1126 ¹neque
694 1039 736 1104 ad
761 1057 908 1106 racemos
929 1040 1070 1125 pertinet
1104 1046 1137 1112 et
1164 1063 1207 1106 ne
1228 1041 1357 1107 ferulam
1392 1038 1507 1126 quidm

421 1157 563 1224 iudicare
583 1163 701 1244 potest,
722 1159 839 1244 quippe
861 1156 952 1222 cuius
974 1156 1038 1222 duo
1049 1176 1255 1242 genawense
1268 1157 1422 1223 dicantur.
1440 1157 1509 1220 'lum

420 1276 476 1341 illa
491 1295 612 1361 genera
631 1272 720 1340 XIII.
744 1275 805 1344 123
827 1279 974 1348 entheca
993 1282 1027 1339 et
1046 1279 1245 1356 narthecyam
1266 1280 1444 1353 vocaverat,
1462 1273 1513 1336 ita·

421 1411 483 1478 que
504 1411 608 1476 neque
630 1392 738 1458 caules
760 1413 821 1458 nec
832 1393 952 1458 racemi
965 1391 1131 1468 commode
1144 1392 1391 1478 appellarentur,
1415 1391 1515 1454 etiarn

421 1509 448 1574 si
470 1529 534 1574 non
557 1506 695 1573 absurde
715 1528 813 1574 unium
845 1485 948 1596 genus
971 1509 1126 1591 caulium,
1158 1531 1354 1576 racemorum
1390 1509 1519 1574 sltemrn

422 1626 680 1712 distingueretur.
703 1625 795 1700 Quae
817 1648 889 1692 cum
910 1628 957 1693 ita
978 1629 1051 1709 sint,
1074 1627 1101 1691 si
1122 1627 1199 1713 quid
1216 1628 1322 1711 uideo,
1345 1629 1520 1714 importuna

422 1743 512 1810 scioli
533 1745 733 1829 grammatici
762 1745 969 1810 annotatione
990 1745 1113 1812 Plinius
1135 1745 1408 1828 liberaruneum
1432 1741 1523 1807 verbs

422 1863 478 1930 illa
500 1861 644 1928 eieceris.
687 1861 768 1927 'Ilum
791 1863 875 1930 enim
898 1861 1043 1928 Italicam
1081 1862 1215 1928 ferulam
1254 1864 1452 1948 corymbiam
1473 1880 1521 1945 sp

422 1981 521 2069 pellat
543 1979 675 2066 eiusque
707 1980 830 2045 semina
850 1981 1030 2068 corymbos.
1074 1981 1212 2069 Deque
1244 1980 1349 2048 ferula
1370 1983 1409 2048 cs.
1435 1978 1524 2045 (lalu-

422 2099 519 2164 mella
539 2098 612 2163 XII.
633 2097 663 2165 7.

846 2269 917 2341 176
930 2299 976 2331 --
992 2268 1110 2355 lost.

472 2401 508 2470 et
537 2393 694 2470 ociorum
735 2404 928 2472 senectute
953 2385 1157 2496 degenerat
1187 2395 1225 2472 in
1252 2395 1466 2497 serpyllum,
1494 2397 1524 2468 el

472 2523 706 2624 sisymbrium
748 2527 989 2620 ismeniam,
1035 2535 1071 2605 et
1096 2552 1143 2604 ex
1175 2528 1317 2605 semiue
1343 2527 1525 2607 brassicae

475 2657 611 2735 veteris
630 2681 719 2759 rape
734 2661 824 2736 fiunt
837 2704 885 2720 -
900 2668 936 2736 et
951 2668 1104 2737 necatur
1120 2661 1305 2738 cuminum
1318 2662 1365 2738 eb
1381 2661 1524 2738 haemo·
1598 2744 1600 2763 Ι

476 2793 593 2871 doro.¹

507 2925 616 2992 Prima
631 2923 729 2988 verba
750 2923 790 2988 ab
813 2923 891 2988 Iano
924 2924 1055 3010 egregie
1076 2943 1094 2986 e
1117 2919 1298 3009 corruptela
1319 2923 1462 2988 codicum
1483 2939 1525 2983 se·

423 3062 479 3107 uec
497 3047 662 3122 deponeret
682 3047 741 3105 tute
763 3061 782 3104 a
803 3042 853 3106 vel
873 3061 962 3105 senec
983 3046 1158 3120 deponeret·
1180 3046 1223 3104 uti
1246 3060 1263 3104 c
1283 3038 1314 3122 d,
1337 3061 1400 3126 qua
1421 3057 1525 3105 omnes

424 3181 465 3225 ex
487 3179 551 3223 uno
573 3159 748 3244 exemplari
770 3157 948 3243 descriptos
970 3179 1042 3223 esse
1063 3160 1135 3222 luce
1157 3157 1274 3222 clarius
1291 3155 1466 3238 redditur„
1481 3175 1526 3219 re·

425 3274 535 3338 stituta
557 3279 647 3356 sunt3
669 3285 795 3338 mentam
819 3273 885 3339 Sill.
910 3295 930 3339 e
950 3274 989 3339 V.
1008 3275 1048 3342 D.
1064 3276 1255 3340 coniecturis
1277 3273 1415 3360 scripsit,
1437 3269 1525 3339 sicuti

424 3389 582 3476 Theophr.
604 3390 647 3455 II.
667 3392 698 3456 4.
723 3397 736 3455 1
763 3389 808 3466 εἰς
829 3397 957 3474 pletas
978 3391 1117 3475 dixerat,
1149 3395 1247 3458 Ianus
1269 3412 1310 3456 ea
1338 3393 1437 3458 uerba
1456 3409 1525 3457 oum

423 3508 457 3571 in
479 3525 498 3568 a
520 3505 632 3589 omitti,
667 3507 700 3571 in
722 3528 739 3572 c
760 3513 949 3586 zonnintam,
982 3511 1015 3573 in
1039 3509 1059 3573 d
1081 3514 1246 3577 zmarrum
1268 3510 1367 3575 scribi
1387 3507 1525 3575 animad-

294 3699 299 3706 ,
423 3628 578 3707 verteret,
616 3624 700 3690 hanc
736 3623 872 3692 formem
913 3645 1042 3692 seruere
1083 3627 1212 3708 maluit,
1248 3632 1338 3690 recte
1369 3635 1406 3693 ut
1435 3633 1524 3713 puto:

423 3745 560 3811 fortasse
581 3743 665 3810 enim
694 3743 734 3808 ab
757 3764 795 3809 eo
817 3742 962 3825 librario,
991 3764 1087 3828 quem
1109 3744 1232 3808 Plinius
1263 3744 1334 3828 ipse
1356 3743 1527 3811 adhibebat

423 3863 456 3927 iu
462 3860 676 3948 Theophrasti
690 3860 770 3925 libro
779 3866 835 3925 eut
849 3860 1017 3947 legebatur
1037 3867 1095 3926 eut
1109 3860 1298 3926 audiebatur
1311 3859 1358 3937 εἰς
1373 3867 1525 3945 macer.

423 3979 575 4042 Proxima
591 3980 689 4043 verbe
711 3999 730 4041 a
751 3978 896 4043 Varrone
916 3978 1054 4064 repetita
1074 3985 1159 4060 sunt,
1183 3976 1269 4062 apud
1291 3997 1388 4063 quem
1407 3977 1524 4043 Plinius

359 4065 365 4077 ⁹
424 4114 520 4180 quum
542 4096 565 4157 Ι.
589 4095 630 4160 40
652 4115 771 4177 ,semen
792 4099 896 4164 uetus‘
930 4103 962 4160 et
994 4116 1045 4177 ,ex
1072 4095 1194 4159 semine
1227 4094 1525 4161 brassicaevetere‘

423 4208 629 4294 repperisset,
651 4211 773 4294 etipse
795 4220 965 4278 exsemine
986 4218 1141 4278 brassicae
1162 4224 1260 4274 uetere
1282 4213 1451 4298 scripsisse
1470 4233 1524 4300 pu·

424 4323 541 4390 tandus
563 4331 621 4390 est.
644 4325 791 4413 Denique
812 4331 997 4394 buemodoro
1020 4327 1180 4416 quodSill.
1203 4328 1378 4397 eaodicum
1402 4350 1524 4416 corrup·

422 4441 488 4509 tels
509 4449 566 4508 imo
589 4449 681 4508 dorso
704 4449 736 4507 et
756 4464 814 4507 uno
833 4449 925 4511 dorso
953 4447 1112 4531 sagaciter
1139 4447 1263 4529 elicuit,
1291 4445 1403 4512 eodioe
1424 4446 1523 4512 Theo

338 4559 344 4568 ’
423 4562 545 4648 phrasti
568 4561 657 4626 VIII.
679 4561 708 4628 8.
731 4561 750 4627 b
772 4559 928 4627 Urbinate
955 4563 1009 4648 qui
1032 4566 1119 4629 solus
1144 4565 1243 4629 verba
1264 4587 1283 4630 a
1305 4564 1408 4629 Pliuio
1428 4573 1523 4629 trans·

372 4670 377 4678 ’
422 4678 488 4744 late
508 4680 633 4765 integra
654 4671 828 4764 uocemque
856 4681 943 4752 illem
966 4679 1015 4744 bis
1037 4682 1188 4768 scriptam
1209 4682 1358 4764 exbibet,
1390 4688 1457 4746 tam
1477 4682 1523 4745 fir·

218 2369 223 2382 ,
340 2318 403 2388 117
