3567 5559
674 675 763 738 Liber
784 675 856 736 XX.
1276 673 1318 743 96
1422 746 1424 754 y

209 873 318 954 aperte
343 873 499 953 corrupta
520 867 601 950 sint,
623 865 732 953 quidni
754 867 925 952 Apuleium
944 867 1050 952 potius
1072 887 1243 952 sequamur
1263 870 1318 954 qui

209 985 317 1049 scribit
338 1005 369 1049 c.
391 1007 422 1066 p.
444 990 562 1048 maiora
584 988 745 1048 de‘eodem
766 990 812 1048 uis
832 997 885 1048 est.
908 990 1004 1070 atque
1025 984 1217 1049 scribamus:
1318 1064 1335 1089 ,Ι
1463 1014 1468 1022 ·

248 1122 274 1165 c.
297 1107 403 1166 maior
424 1107 472 1165 od
491 1106 626 1165 eadem
647 1106 702 1164 vis
724 1109 777 1164 est.

435 1272 481 1342 51
509 1289 548 1324 =
576 1270 671 1355 o,23.
710 1265 778 1358 (de
804 1263 876 1342 alio
903 1264 1099 1362 loquitur).

259 1393 357 1489 Quin
386 1405 425 1474 et
455 1398 579 1476 suffitu
606 1402 677 1498 [eol
706 1397 854 1480 evocari
889 1399 1075 1475 secundas
1102 1407 1228 1499 pertus
1254 1425 1320 1478 ex-

257 1529 399 1606 istimat
426 1529 682 1630 Hippocrates

285 1661 405 1734 ,Alium
422 1667 499 1747 potu
521 1661 592 1726 cibo
615 1662 696 1725 illitu
718 1659 837 1724 vomitu
858 1658 1011 1745 prodesse
1029 1661 1214 1746 tradiderat,
1235 1685 1319 1730 nunc
1397 1635 1401 1640 v

215 1777 306 1841 etiem
328 1767 445 1844 suffitu
466 1779 543 1844 utile
565 1799 637 1844 esse
660 1784 815 1842 narretur.
850 1776 986 1841 Moleste
1003 1777 1101 1862 igitur
1121 1780 1319 1862 pronomine,

217 1912 273 1977 quo
295 1894 444 1982 duplices
467 1895 583 1960 diversi
605 1895 732 1982 generis
751 1894 882 1960 ablativi
902 1892 1112 1977 cumulentur,
1135 1914 1173 1960 eo
1194 1895 1318 1959 facilius

217 2029 368 2097 caremus,
394 2014 545 2100 quoniam
565 2033 629 2110 non
652 2013 715 2078 alio
739 2012 796 2076 sed
818 2011 927 2076 suffitu
939 2011 994 2076 alii
1014 2012 1183 2076 secundae·
1193 2015 1320 2078 evocari
1342 2087 1350 2102 s

222 2125 372 2221 dicuntur.
419 2130 513 2205 Quod
534 2151 630 2212 ouum
652 2129 739 2216 apud
761 2126 932 2215 Apuleium
959 2149 1024 2193 non
1043 2129 1171 2215 legatur
1185 2136 1282 2214 atque
1302 2150 1321 2194 e

221 2247 366 2328 proximis
389 2248 504 2314 litteris
519 2269 574 2312 eoo
596 2248 629 2312 in
643 2244 735 2313 codd.
757 2247 926 2331 repetitum
948 2248 1103 2329 videatur,
1126 2247 1320 2314 omninode·

221 2361 340 2427 lendum
375 2364 447 2430 erit.
491 2365 612 2428 Eodem
645 2370 774 2431 auctore
807 2366 836 2448 ξ.
864 2363 905 2429 52
924 2361 1095 2447 'passivum
1123 2373 1323 2459 porporizoti

224 2469 363 2565 vulgatae
387 2481 492 2546 activo
516 2481 679 2565 praefero,
701 2482 829 2564 item'§.
851 2480 892 2546 58
918 2487 982 2544 cius
1005 2482 1132 2576 omitto,
1162 2504 1235 2548 nam
1258 2488 1321 2550 Pli-

225 2595 287 2660 nius
320 2599 405 2664 siout
428 2600 456 2682 ὅ.
478 2599 518 2666 59
545 2601 641 2677 oecos
663 2602 811 2677 estquod
891 2612 999 2662 cocant
1026 2601 1169 2686 scripsit,
1197 2603 1243 2666 ita
1269 2603 1321 2668 hie

225 2731 309 2787 oenus
329 2737 423 2794 quom
444 2721 599 2796 caprinam
620 2727 729 2780 cocunt
749 2715 867 2780 dixisse
888 2716 1049 2801 putandus
1072 2725 1128 2782 est.

1338 1181 1401 1249 425

302 2887 347 2956 65
366 2887 517 2971 =·t,26.
563 2879 630 2973 (de
656 2877 811 2957 lactucis
837 2880 974 2958 sativis·
991 2905 1113 2961 sermo
1141 2890 1233 2977 est).
1342 2858 1404 2926 4²⁶

270 3007 477 3089 Stomachis
516 3007 705 3088 dissolutis
733 3011 923 3090 utilissime
956 3014 1177 3092 adiuventur
1212 3019 1249 3092 in
1276 3040 1321 3094 eo

273 3136 346 3218 usu'
365 3150 403 3220 et
428 3144 585 3244 oxypori
603 3142 735 3221 obolis.

309 3273 358 3339 Ite
401 3273 542 3360 Silligius
584 3275 747 3361 vulgatam
788 3276 960 3366 lectionem
1001 3284 1148 3345 stomachi
1188 3285 1325 3344 dissoluti

232 3391 368 3454 utilissime
404 3396 599 3456 adiuvantur:
643 3400 673 3457 in
700 3414 736 3458 eo
765 3416 821 3459 usit
842 3393 899 3460 rel.
927 3412 945 3456 e
976 3393 1139 3459 codicibus
1175 3396 1323 3478 correxit,

216 3493 320 3570 'unum
341 3510 491 3596 neglexit.
527 3510 712 3576 Subiectum
734 3512 818 3576 enim
842 3511 932 3577 verbi
953 3510 1119 3593 ,homines‘
1142 3533 1215 3577 esse
1235 3519 1324 3576 ratus

237 3623 412 3692 struotrnem
436 3648 548 3694 seusus
570 3628 664 3694 valde
682 3629 869 3714 impeditam
891 3603 1039 3694 reddidit.
1059 3629 1217 3694 Homines
1239 3631 1323 3693 enim

239 3745 345 3821 aegroti
365 3765 523 3832 nusquam
551 3753 854 3829 commemorantur,
879 3768 992 3850 ,neque
1019 3747 1148 3828 ,utiliter
1170 3747 1324 3810 adiuvari‘

239 3843 479 3926 benedicuntur
505 3883 609 3949 neque
639 3864 684 3960 ,ἰερ
702 3865 791 3927 usus‘
819 3866 879 3949 qui¹
901 3867 942 3926 sit
970 3863 1173 3948 intelligitur,
1213 3871 1325 3928 contra

240 3973 341 4052 optime
364 3987 396 4043 et
422 3981 512 4065 ipsae
535 3981 680 4045 lactucae
703 3981 875 4046 stomachis
892 3982 997 4077 utiles
1019 3981 1070 4044 hio
1092 3987 1127 4046 ut
1149 3983 1177 4065 ξ.
1199 3982 1240 4051 67
1268 4004 1324 4070 ap·

243 4086 380 4164 pellantur
403 4104 436 4161 et
456 4098 549 4162 ineo
572 4119 633 4162 usu
655 4118 797 4183 oxyporo
820 4096 964 4163 adiuvari
986 4098 1142 4164 dicuntur.
1177 4099 1324 4164 Scriben-

246 4197 307 4268 dun
326 4220 371 4276 est
393 4213 503 4298 igitur:

244 4397 248 4408 ,
278 4325 455 4396 Stomocliis
476 4336 627 4396 dissoluti
632 4354 648 4396 s
665 4335 771 4396 utilisst'
777 4353 859 4397 mue
873 4333 930 4398 rel.

660 4504 706 4575 co
733 4519 772 4554 =
797 4501 893 4587 oar.
1346 4439 1407 4509 ⁴²⁷
1446 4461 1450 4466 ’
1477 4516 1478 4519 ¹

291 4627 435 4704 undida
461 4630 546 4706 beia
579 4637 686 4706 cocle
718 4637 755 4706 et
790 4654 873 4707 curn
915 4631 988 4708 elio
1028 4632 1143 4709 crudo
1182 4638 1328 4733 sumpte
