3567 5559
391 683 454 752 232
813 689 906 752 tiber
925 689 1081 754 rffll.

392 903 489 970 quem
510 882 623 950 Daloc.
645 883 752 950 ebulit
785 905 947 974 quumque
974 889 1007 954 iu
1035 909 1150 956 rasura
1173 887 1195 954 d
1217 889 1397 972 confirmat,
1429 908 1510 968 quor

392 1000 470 1068 milri
493 999 654 1086 probetur.

682 1245 686 1255 ’
803 1256 926 1334 lrlffl
957 1257 1091 1335 fflll.
1630 1339 1631 1362 ,

475 1409 561 1475 Huic
584 1429 714 1496 quoquo
732 1409 834 1493 libro,
870 1413 961 1476 cuius
984 1414 1034 1499 ὃς.
1055 1415 1168 1497 9—43,
1191 1415 1336 1483 64-125
1360 1415 1395 1479 in
1419 1413 1514 1480 ehre-

393 1526 566 1611 stomathia
586 1526 816 1613 interpretatus
850 1535 939 1612 s'um,
973 1538 1100 1618 praeter
1127 1553 1168 1596 ee
1200 1552 1282 1619 quae
1317 1532 1516 1618 imprudens
1630 1525 1631 1580 ἶ

393 1645 456 1709 iam
479 1666 499 1709 a
521 1643 644 1729 Silligio
666 1652 810 1709 correcta
842 1649 1066 1733 neglexeram,
1097 1651 1194 1714 Ianus
1210 1731 1214 1736 Ι
1228 1669 1361 1737 operam
1394 1651 1515 1714 utilem
1630 1655 1631 1658 ’

394 1763 505 1827 sedulo
529 1761 618 1827 dedit
639 1764 725 1827 etin
746 1762 801 1826 illa
822 1763 952 1849 quidem
973 1777 1064 1852 parte
1087 1769 1113 1852 ξ.
1127 1768 1165 1835 91
1189 1767 1327 1832 Strackii
1350 1765 1515 1832 emcnda-

393 1881 514 1945 tionem
546 1892 696 1943 trecentum
723 1881 837 1945 merito
865 1884 1003 1968 recepit,
1034 1871 1146 1968 §.106
1179 1886 1345 1972 eleganter
1379 1904 1516 1966 superne

395 1999 543 2081 coniecit,
565 2018 670 2083 pauca
689 1995 768 2061 milri
790 1999 980 2085 corrigenda
1002 2001 1139 2089 reliquit.

331 2193 395 2264 790
793 2193 818 2264 4
843 2195 880 2264 ei
905 2195 929 2266 5
954 2233 996 2264 =
1023 2194 1094 2283 2‚2.

476 2319 727 2405 Elegantissime
748 2321 894 2386 oratione
917 2323 1052 2406 scriptor
1073 2325 1277 2408 antiquarum
1299 2325 1410 2408 legum
1433 2341 1513 2388 oen·
1630 2299 1631 2328 ³

396 2439 552 2503 coriorum
572 2438 822 2504 inconstantiam
849 2439 1042 2521 insectatur,
1063 2440 1191 2526 »quibus
1221 2459 1375 2504 cenerum
1404 2439 1512 2525 parsi·
1630 2415 1631 2460 ³

395 2555 523 2619 moniae
544 2555 733 2638 cavebatur,
766 2556 956 2624 aedificandi
975 2557 1104 2624 luxuria
1134 2557 1371 2644 negligebatur.
1415 2557 1513 2632 Quae
1630 2633 1631 2652 Χ

393 2675 485 2760 leges
507 2674 600 2738 docte
623 2695 661 2738 ac
683 2674 848 2740 verissime
870 2673 942 2738 inB
977 2657 1202 2750 Claudianae
1240 2674 1447 2760 appellantur
1469 2675 1511 2740 ab
1630 2655 1631 2658 Ἴ

361 2804 366 2820 ’
395 2793 502 2878 Appio
525 2799 603 2876 puto
627 2790 761 2856 Olaudio
782 2791 922 2856 Pulchro
945 2791 999 2878 qui
1019 2797 1094 2876 post
1115 2790 1227 2855 Scauri
1252 2791 1456 2856 aedilitatem
1479 2813 1510 2856 a.

396 2909 540 2975 DOOIV.
564 2913 745 2994 importuna
766 2910 939 2973 severitate
959 2910 1151 2994 magistratu
1171 2909 1300 2974 functus
1322 2915 1382 2974 est.
1411 2907 1511 2984 Quod

395 3029 429 3094 in
452 3023 663 3092 deterioribus
685 3025 774 3090 libris
805 3025 875 3091 looo
899 3025 988 3090 VIII.
1010 3025 1074 3094 209*
1106 3025 1249 3092 adhibito
1286 3027 1319 3090 In
1351 3027 1510 3112 ‚glandia‘

396 3151 555 3209 mutatum
571 3141 630 3226 cst,
652 3145 736 3208 sicut
756 3145 784 3228 fi.
805 3145 826 3211 7
848 3145 993 3228 ‚Palatio‘
1015 3145 1048 3208 in
1071 3144 1184 3228 ,atrio‘,
1221 3162 1317 3230 quam
1332 3144 1510 3210 lectionem
1630 3181 1631 3200 r

398 3264 425 3326 si
445 3261 641 3347 probaveris,
664 3282 734 3324 cum
749 3261 924 3326 editoribus
939 3266 1013 3346 post
1030 3279 1060 3328 v.
1083 3261 1190 3343 ,cenis‘
1212 3262 1511 3348 interpungendum

398 3385 456 3443 est
499 3378 560 3442 Illa
587 3384 696 3442 autem
729 3378 1138 3464 pulcherrimaalteroatio
1170 3399 1255 3444 nuuc
1276 3399 1377 3464 prave
1408 3379 1511 3448 inter·

398 3495 571 3582 punctione
604 3495 802 3560 obsouratur.
845 3496 1022 3582 Postquam
1051 3495 1135 3560 enim
1164 3509 1238 3560 eum
1266 3496 1320 3583 qui
1347 3497 1510 3562 maiorum

399 3634 530 3697 causam
553 3591 787 3677 defendendam
809 3613 953 3698 suscepit
974 3611 1132 3676 dicentem
1153 3612 1230 3678 feeit
1250 3635 1328 3694 ,uon
1349 3614 1435 3678 enim
1459 3615 1507 3678 iu·

399 3731 606 3797 vehebantur
642 3730 860 3816 (marmore),
899 3731 1033 3816 scriptor
1065 3714 1254 3816 respondet:
1298 3729 1342 3813 ,id
1375 3729 1507 3816 quidem

399 3849 480 3914 falso
502 3849 690 3914 —silentio
723 3850 850 3934 legum‘.
895 3850 954 3930 At,
984 3847 1087 3934 inquit
1108 3847 1176 3912 ille:
1211 3847 1279 3929 ,sed
1301 3847 1439 3934 publicis
1460 3849 1508 3914 ni·

401 3967 515 4030 mirum
536 3967 741 4052 indulgentes
773 3964 1011 4052 voluptatibus}
1054 3963 1115 4028 Oui
1149 3965 1199 4030 his
1230 3965 1336 4030 verbis
1369 3965 1509 4030 occurrit
1630 4027 1631 4060 r

400 4082 547 4147 Pliniuss
583 4083 627 4164 ,id
654 4085 760 4168 ipsum
790 4085 878 4148 curi‘
899 4084 956 4148 rel.
999 4081 1165 4167 Disputari
1188 4083 1274 4146 anim
1297 4101 1369 4147 oum
1392 4081 1508 4147 adver·
1630 4079 1631 4126 ἶ

401 4199 485 4265 sario
506 4198 622 4262 iisdem
638 4199 744 4264 verbis
766 4201 898 4278 ,Verum
920 4206 1001 4283 esto,
1023 4199 1213 4264 indulserint
1235 4199 1371 4284 publicis
1394 4199 1507 4286 volup·

401 4316 531 4382 tatibus‘
563 4315 708 4382 officitur.
749 4317 866 4404 Itaque
893 4318 1058 4404 scriptoris
1080 4317 1257 4383 orationem
1283 4317 1329 4383 sie
1352 4315 1508 4402 distingui

401 4440 518 4505 rectius
540 4442 689 4523 apparet:
1480 4451 1485 4460 ·

444 4563 532 4623 Dicat
551 4562 681 4635 fortusse
712 4560 823 4634 uliquis
861 4571 932 4630 ,non
960 4560 1036 4621 enim
1063 4555 1301 4619 incelebratur‘:
1330 4557 1365 4618 td
1389 4557 1508 4633 quiden

440 4681 540 4758 sulem
561 4675 712 4744 ucccrrtor
721 4681 782 4744 LX
795 4678 950 4741 columnus
964 4677 1006 4738 M.
1024 4677 1137 4740 Scorrrr'
1150 4677 1357 4738 aedilitate-
1371 4677 1509 4738 urceum
1630 4681 1631 4688 ’
