3567 5559
427 531 471 600 ne
892 523 992 590 atter
1014 521 1079 590 Vt.

428 713 763 782 Pliniitestimouium
776 710 918 776 accedit
948 709 1046 785 Quod
1069 705 1156 774 enim
1179 707 1249 772 iam
1258 715 1360 772 antea
1370 704 1542 772 favonium

427 833 606 921 Hippalum
626 807 774 909 vocarit,
795 829 944 893 simodo
966 828 1040 912 ipsa
1062 826 1238 910 scriptoris
1256 826 1361 890 verba
1373 825 1541 912 leguntur,

427 953 627 1020 factumest
650 970 712 1034 per
741 947 913 1032 prolepsin
937 957 1086 1012 ceterum
1114 945 1353 1022 rectissimam,
1385 944 1543 1029 quoniam

429 1093 468 1138 re
494 1090 578 1136 vera
604 1065 768 1151 llippalus
795 1064 932 1131 favonio
962 1075 1061 1130 rento
1087 1064 1280 1148 respondet.
1323 1060 1465 1128 Difficile
1490 1075 1543 1130 est

429 1190 628 1266 diiudicatu‚
655 1185 813 1272 quamdiu
835 1184 975 1250 Patalen
1003 1184 1193 1270 navigatum
1220 1180 1278 1259 sit,
1308 1181 1338 1245 is
1367 1193 1460 1247 certe
1488 1183 1544 1268 qui

430 1329 452 1374 a
478 1307 647 1374 Strabone
673 1305 711 1370 ll.
740 1326 771 1387 p.
789 1302 863 1367 118.
892 1315 926 1368 et
947 1302 1022 1369 XV.
1043 1325 1077 1388 p.
1092 1299 1165 1366 686.
1194 1299 1395 1367 describitur
1418 1323 1543 1367 cursus

430 1427 585 1511 Sigerum
612 1424 787 1502 tendebat,
817 1424 941 1508 quippe
968 1421 1023 1508 qui
1049 1422 1103 1485 diu
1131 1421 1282 1487 valuisse
1302 1421 1335 1486 h.
1351 1419 1370 1486 l.
1399 1420 1543 1488 dicator.

428 1541 662 1628 Imperfectum
687 1553 798 1608 autem
826 1541 1105 1627 „infcstabant“,
1132 1541 1223 1625 quod
1246 1560 1265 1604 e
1288 1539 1386 1604 codd
1414 1538 1544 1623 recepit

428 1659 592 1744 Silligius,
620 1662 740 1726 eodem
766 1663 866 1726 modo
896 1659 1045 1724 adhibuit
1067 1657 1191 1724 Plinius
1220 1681 1287 1744 quo
1313 1657 1401 1723 infra
1427 1657 1458 1744 §.
1468 1657 1543 1727 105.

427 1779 546 1858 utitur,
575 1778 707 1844 scilicet
732 1778 957 1864 supplendum
985 1788 1056 1844 est:
1088 1797 1190 1858 „cum
1213 1778 1391 1863 proderem
1413 1775 1543 1844 haec“.
1624 1863 1625 1870 p

428 1897 514 1962 Nam
542 1898 671 1982 piratas
705 1921 812 1985 prope
843 1898 1027 1984 emporium
1056 1895 1207 1962 Nluziritu
1236 1895 1412 1962 habitasse
1443 1896 1540 1960 etiam

428 2017 548 2102 peripli
569 2029 688 2084 auctor
709 2019 856 2086 tradidit.
900 2018 995 2092 Quae
1014 2015 1113 2102 igitur
1133 2016 1164 2103 §.
1175 2013 1247 2078 100.
1262 2025 1295 2080 et
1309 2014 1381 2080 101.
1404 2034 1540 2080 narran-

429 2145 495 2214 tur,
516 2137 597 2200 luba
619 2137 789 2202 retulerat
818 2138 910 2201 ldem
934 2136 1032 2201 etiam
1053 2135 1117 2199 iter
1137 2155 1201 2219 per
1220 2134 1414 2218 Aegyptum
1434 2151 1541 2218 usque

428 2253 472 2315 ad
493 2252 679 2318 Berenicen
701 2266 833 2339 portum
858 2255 992 2321 videtur
1014 2252 1233 2337 exposuisse,
1256 2251 1346 2336 quod
1367 2271 1386 2314 e
1410 2249 1541 2336 periplo
1625 2315 1626 2334 p

430 2369 575 2433 describi
596 2391 663 2434 non
680 2373 792 2454 potuit.
815 2373 966 2460 Namque
979 2371 1183 2437 camelorum
1197 2370 1403 2448 mansiones,
1426 2369 1542 2454 quales

429 2477 506 2551 inde
527 2506 548 2549 a
571 2485 680 2572 Copto
707 2501 961 2575 enumerantur,
985 2490 1083 2554 etiam
1106 2487 1177 2552 Xll.
1195 2487 1248 2555 64.
1278 2509 1297 2554 e
1323 2489 1426 2554 lubae
1455 2510 1542 2555 cout-

429 2607 599 2673 mentariis
627 2621 780 2694 sumptas
810 2628 888 2675 esse
918 2605 1122 2673 coniecimus
1148 2625 1181 2672 et
1206 2608 1292 2674 alius
1318 2621 1438 2674 auctor
1465 2608 1498 2676 b.
1520 2610 1542 2675 l.

429 2745 496 2789 non
511 2724 677 2814 laudatur,
699 2751 798 2817 quum
813 2733 842 2819 §.
855 2727 926 2796 170.
940 2727 1022 2793 luba
1043 2725 1320 2811 „diligentissime
1341 2739 1543 2812 persecutus

429 2842 541 2909 haec“
569 2846 708 2913 dicatur.
756 2849 899 2915 Accedit
923 2848 1012 2933 quod
1036 2845 1206 2931 iuliopolis
1234 2847 1323 2911 unde
1343 2846 1421 2912 Nilo
1446 2848 1543 2911 navi·
1626 2873 1627 2892 ¹

430 2966 556 3048 gabant
576 2965 731 3052 Coptum,
756 2978 789 3032 et
811 2989 898 3056 quae
920 2967 998 3032 alibi
1019 2986 1087 3031 uon
1110 2977 1401 3051 commemoratur,
1422 2966 1543 3032 iululii

430 3083 590 3151 Caesaris
612 3086 774 3152 honorem
792 3089 835 3152 ab
850 3087 1036 3152 Octaviano
1057 3105 1177 3150 nomen
1201 3085 1380 3170 accepisse
1401 3085 1542 3152 ridetur.

513 3203 639 3268 Urbem
663 3204 750 3268 unde
763 3204 943 3267 Nearchus
966 3204 1124 3287 navigare
1143 3203 1266 3288 coepit,
1288 3202 1330 3265 ab
1343 3201 1543 3269 Alexandro

430 3317 595 3382 conditam
619 3340 697 3385 esse
720 3321 855 3384 tradidit
877 3319 1016 3404 Plinius,
1038 3338 1059 3382 a
1080 3318 1238 3385 Nearcho
1262 3343 1362 3406 quum
1382 3323 1542 3388 ludorum

428 3433 592 3500 seditione
612 3447 648 3499 ut
670 3438 830 3500 maturius
844 3436 996 3501 solveret
1013 3447 1150 3500 coactus
1164 3449 1269 3518 esset,
1290 3441 1323 3504 in
1340 3439 1543 3507 occidentali

427 3551 562 3616 llumiue
583 3549 782 3617 festinanter
800 3563 1005 3618 exstructam
1018 3574 1096 3622 aare
1111 3553 1255 3621 coniecit
1264 3557 1450 3624 Lassenius
1462 3558 1544 3628 Ant.

428 3669 498 3734 lnd.
513 3667 550 3736 ll.
564 3668 592 3731 1.
613 3691 644 3753 p.
661 3667 733 3734 192.
784 3670 866 3736 Mihi
889 3670 1000 3757 potius
1026 3674 1114 3740 sicut
1136 3673 1267 3742 Rittero
1289 3675 1412 3764 Geogr.
1425 3676 1490 3744 vol
1499 3679 1542 3746 V.

429 3786 544 3872 p.478.
563 3787 672 3856 altera
694 3793 795 3857 statio
817 3803 952 3878 praeter
976 3791 1115 3860 Patalen
1137 3814 1213 3860 cum
1234 3796 1411 3862 navalibus
1439 3797 1542 3882 signi.

427 3906 521 3974 ficari
559 3909 704 3991 videtur,
748 3913 792 3979 ab
829 3913 1025 3981 Alexandro
1063 3914 1097 3980 iu
1137 3912 1287 3980 orientali
1328 3913 1400 3980 lndi
1441 3913 1543 3982 alveo

428 4029 563 4094 condita
589 4029 650 4113 (cf.
664 4032 783 4098 Arian.
798 4033 908 4098 Anah.
921 4035 977 4100 Vl.
994 4034 1063 4119 20).
1128 4033 1237 4100 Unde·
1253 4043 1394 4119 propter
1415 4043 1541 4098 metum

427 4163 448 4211 a
482 4145 701 4212 barbarorum
736 4148 982 4214 incursionibus
1018 4151 1209 4218 Nearchum
1241 4149 1381 4218 consilio
1412 4163 1543 4220 mutata

426 4282 501 4330 cum
528 4263 671 4328 navibus
700 4263 745 4328 ibi
776 4264 927 4330 collectis
959 4267 1101 4332 Patalen
1132 4270 1276 4338 rediisse
1307 4286 1341 4336 et
1372 4271 1451 4340 inde
1482 4294 1542 4340 oc·
1588 4240 1593 4252 ’

426 4378 580 4448 cidentali
590 4379 681 4446 fluvii
695 4393 792 4465 parte
811 4382 992 4466 navigasse
1007 4385 1163 4464 arbitror,
1185 4388 1240 4454 ubi
1256 4389 1434 4458 stationem
1447 4390 1540 4458 illam

424 4499 521 4566 sitam
552 4495 660 4564 fuisse
690 4509 954 4566 cousentaneum
984 4513 1054 4582 est,
1078 4523 1177 4592 quam
1203 4527 1265 4592 pro
1296 4527 1380 4578 vero
1403 4509 1536 4578 itineris
