3567 5559
460 549 526 616 110
899 551 1010 620 uer
1029 553 1119 621 atr.

457 733 557 802 etim
583 735 695 822 inrogo
718 736 888 806 undastis
913 759 998 826 qaae
1023 740 1102 808 dam
1128 740 1275 826 appetit
1306 742 1441 806 esuriat
1481 737 1554 802 llaad
1592 735 1593 748 ¹

457 855 556 922 dubie
583 854 706 923 eodato
732 857 807 923 loeo
833 859 938 926 xxlt
969 859 1042 924 113.
1071 860 1150 946 quid
1184 860 1415 926 scribendam
1441 858 1492 938 sit,
1513 875 1555 937 pa·

456 973 522 1038 lam
544 973 610 1040 fiet
653 975 750 1042 Siout
768 979 854 1041 euim
872 977 917 1041 ibi
940 975 1058 1062 legitur
1087 976 1311 1062 „appetendi
1328 975 1467 1040 aviditas
1481 973 1557 1054 eibi‘,

456 1094 503 1158 ita
524 1091 580 1158 bio
602 1092 777 1180 legendam
801 1106 854 1161 est
875 1097 911 1158 in
923 1095 1095 1182 appetendi
1106 1095 1279 1159 aviditate
1302 1116 1358 1160 so.
1380 1091 1473 1168 eabos,
1492 1108 1556 1174 quae

455 1231 524 1276 vox
544 1232 644 1296 qaum
665 1212 764 1278 modo
785 1210 917 1297 prolata
938 1213 991 1291 sit,
1012 1211 1111 1307 facile
1130 1210 1419 1296 subintelligitur.
1458 1207 1555 1271 Littera

455 1349 477 1388 a
494 1329 526 1392 in
540 1327 725 1416 archetypo
737 1327 825 1395 salso
838 1328 899 1395 suit
920 1328 1098 1415 duplicata,
1121 1331 1135 1395 i
1154 1331 1334 1417 proximis
1357 1329 1396 1393 ui
1413 1329 1556 1408 absorpta.

373 1515 437 1582 au
894 1496 1047 1594 aa=s‚
1065 1499 1126 1574 18.

500 1685 553 1701 ·-
565 1643 617 1720 ibi
638 1654 677 1719 et
690 1645 817 1724 frutex
834 1649 1011 1749 pestilens
1029 1648 1193 1751 raphani,
1216 1648 1318 1724 folio
1335 1645 1445 1740 lauri,
1463 1642 1555 1718 odore

502 1803 621 1878 equos
641 1778 816 1857 invitante
844 1790 906 1856 rel.

532 1947 802 2034 Theophrastum
831 1952 981 2037 sequitur
1002 1951 1143 2030 Plinius,
1172 1972 1192 2018 e
1220 1953 1329 2018 cuius
1352 1948 1467 2018 verbis
1486 1941 1550 2006 illst.

448 2061 832 2151 plaut.tv.t.12.'‘aaso
852 2066 885 2136 dt
900 2063 1008 2156 ὕλημα
1028 2068 1169 2156 μέγεᾷος
1186 2067 1251 2155 μὲν
1275 2066 1397 2152 ἡλίκον
1419 2062 1550 2150 ῥάφανος,

448 2186 482 2253 τὸ
504 2184 539 2254 δὲ
558 2187 682 2272 φύλλον
702 2159 815 2274 lipom
836 2188 945 2274 δάφνῃ
963 2189 1024 2252 rel.
1042 2199 1136 2253 recte
1152 2187 1311 2274 Silligius
1334 2182 1460 2270 aliquid
1480 2172 1548 2240 0301

447 2304 540 2368 disse
569 2303 712 2386 collegit.
759 2304 872 2369 Possit
902 2303 1077 2388 quideme
1100 2302 1131 2390 §.
1146 2303 1196 2368 35.
1218 2299 1459 2392 magnitudine
1477 2291 1549 2365 addi,

446 2443 560 2490 verum
574 2431 725 2508 praestat
736 2442 755 2488 e
767 2442 867 2488 versu
880 2421 1032 2506 proximo
1042 2424 1218 2508 superiore
1229 2433 1400 2510 repetere
1415 2407 1546 2482 similia.

365 2629 429 2695 ‘nu
889 2602 1045 2700 37:1³,
1057 2604 1120 2680 20.

571 2760 684 2834 rubro
700 2755 804 2851 mari,
831 2755 930 2857 quod
950 2754 1015 2831 ibi
1035 2755 1231 2832 Persicum
1252 2753 1471 2834 vocavimus
1493 2745 1539 2814 rel.

524 2906 665 2974 Factum
685 2906 751 2973 hoe
771 2916 825 2973 est
842 2907 902 2976 v1.
913 2907 965 2974 41.
983 2919 1016 2972 et
1029 2906 1100 2972 108.
1122 2905 1248 2972 Verum
1269 2927 1377 2996 quum
1401 2900 1464 2968 alio
1483 2904 1540 2956 tan·

440 3038 508 3092 tum
536 3024 613 3091 loeo
642 3046 664 3090 a
687 3045 727 3090 se
751 3027 794 3091 de
822 3027 897 3092 sina
924 3026 1061 3092 Persico
1095 3027 1297 3110 disputatum
1333 3041 1415 3090 esse
1445 3009 1536 3082 tradat

439 3144 576 3227 Plinius,
598 3154 740 3231 apparet
761 3167 881 3211 vocem
907 3144 1058 3232 ibiquae
1079 3147 1123 3212 ad
1145 3143 1267 3211 nullam
1289 3147 1327 3209 in
1349 3131 1535 3206 anteceden-

438 3262 525 3327 tibus
548 3260 668 3327 referri
690 3263 808 3346 possit,
828 3284 890 3348 pro
911 3275 1071 3347 corrupta
1088 3261 1277 3327 habendam
1292 3280 1387 3328 esse.
1416 3247 1533 3320 Seilitet

381 3436 385 3459 ι
435 3377 527 3443 initio
553 3375 707 3442 vocabuli
734 3378 824 3461 quod
849 3380 1059 3447 intercidisse
1088 3381 1268 3466 putandum
1292 3391 1365 3464 est,
1398 3369 1530 3440 restituta

436 3513 524 3580 opus
546 3502 599 3558 est
619 3507 655 3558 ut
674 3492 827 3574 legatur:

938 3574 1042 3639 olidi.
1091 3587 1093 3592 ·

354 3790 417 3854 m
859 3777 1039 3875 75:17,
1054 3777 1116 3854 ar.

483 3933 582 4009 Sunt
603 3933 666 4034 qui
687 3933 838 4011 herbam
858 3931 896 4008 iu
921 3935 1060 4033 Cypro,
1083 3957 1131 4009 ex
1153 3957 1225 4032 qua
1249 3935 1287 4008 id
1310 3915 1524 4032 dodonam)

481 4069 543 4161 fia,
572 4071 692 4145 ledam
719 4073 924 4171 appellaut3
955 4070 1090 4144 etenim
1111 4069 1163 4144 illi
1190 4070 1360 4146 ledanum
1387 4060 1522 4144 vocanti

479 4199 610 4276 huius
638 4203 775 4302 pingue
803 4202 966 4277 insidere
996 4201 1120 4304 itaque
1153 4202 1318 4278 attractis
1352 4187 1518 4280 funiculis,

478 4335 629 4410 herbam
650 4359 731 4410 eam
753 4333 921 4411 convolvi
943 4343 1053 4434 atque
1078 4335 1129 4408 ita
1150 4335 1241 4411 offas
1262 4337 1358 4415 fieri.

511 4503 624 4574 Variis
644 4503 753 4573 loouaa
774 4502 951 4572 mandasta
964 4514 1158 4590 corruptum
1170 4503 1374 4576 codieetaris
1383 4485 1517 4569 VV.D⁰·
