3567 5559
696 568 905 671 morra
1294 571 1353 637 nr

621 759 980 860 25sqq.=ihi'dem.
1371 768 1434 835 15⁰

318 912 416 977 Inter
435 909 591 975 Indorum
612 900 733 997 gentes
752 906 937 998 Seps-itas
957 907 977 975 e
1000 905 1195 991 oodd.‚(-)'l'd
1217 909 1355 992 scripsit

231 1029 405 1116 Silligins,
426 1027 566 1094 Sciritar
578 1030 781 1095 nominatR:
801 1033 914 1116 itaque
930 1049 1123 1117 germanum
1135 1049 1258 1096 nomen
1272 1026 1354 1093 Sci·
1410 1081 1413 1088 .

230 1159 372 1230 rotas,
395 1149 438 1212 de
461 1167 526 1232 quo
540 1146 583 1214 cf.
597 1147 843 1213 Schwanbech
856 1147 1021 1234 Megasth.
1032 1148 1126 1234 pos,
1147 1147 1237 1213 hand
1257 1149 1354 1213 dubie

230 1266 484 1331 restituendum
507 1277 567 1330 est
623 1267 651 1355 ς.
669 1267 722 1331 28.
749 1267 882 1334 Ctesias
911 1281 1044 1353 gentem
1071 1290 1355 1334 commemorasse

232 1385 396 1466 traditur,
407 1405 493 1477 qaae
507 1381 687 1468 appelletur
699 1384 892 1478 l'dndore.
916 1387 944 1450 E
959 1387 1056 1453 codd.
1070 1387 1130 1451 ΒΤ
1154 1389 1209 1474 qni
1230 1388 1356 1454 habent

235 1501 413 1579 Pandare,
435 1502 614 1589 legendum
638 1505 701 1568 erit
721 1504 945 1574 Pandarae.
989 1508 1136 1572 Eosdem
1151 1507 1241 1596 §.aa
1264 1509 1354 1594 apud

236 1617 449 1684 Clitarchum
463 1633 496 1684 et
509 1619 761 1704 Megasthenem
783 1625 988 1688 Marrdornm
1007 1648 1130 1692 nornen
1149 1627 1276 1692 habere
1298 1648 1354 1692 re-

234 1736 316 1817 fert,
340 1738 401 1803 nbi
420 1737 615 1822 Pandoram
629 1739 684 1804 vel
697 1740 929 1805 Pandaeorum
950 1744 1162 1809 scribendum
1184 1765 1262 1810 esse
1280 1746 1354 1810 Piu-

235 1858 355 1924 tianus
384 1856 553 1924 intellexit
610 1860 760 1947 Namque
786 1863 873 1927 sient
899 1861 955 1928 hic
985 1873 1157 1928 trecentos
1183 1864 1280 1929 vicos
1312 1865 1355 1928 iis

236 1996 487 2042 annumerasse
510 1978 663 2045 dicuntur
685 1977 874 2044 Clitarchus
898 1992 931 2044 et
950 1980 1211 2064 Megasthenes,
1232 1982 1280 2044 ita
1301 1980 1355 2044 Vl.

236 2094 291 2159 76.
311 2094 478 2159 trecentis
500 2094 632 2179 oppidis
653 2095 842 2180 imperitant
858 2097 1003 2162 Pandae.
1027 2097 1184 2162 Ceterum
1201 2100 1255 2184 qni
1268 2099 1356 2187 §.22

241 2214 387 2293 „Athon
407 2224 551 2278 montem
573 2213 749 2278 incolunt“
772 2197 896 2278 Vl.'97.
916 2214 1050 2281 Athoae
1073 2212 1292 2301 appellantur.

674 2360 936 2460 thirteen.
1374 2400 1434 2466 151

290 2534 408 2609 Haec
423 2543 533 2634 atque
550 2534 637 2608 talia
659 2559 708 2610 ex
728 2536 915 2612 hominum
933 2563 1071 2640 genere
1091 2537 1249 2614 ludibria
1271 2538 1355 2634 sibi,

291 2671 405 2746 nobis
424 2671 613 2766 miracola,
634 2671 824 2773 ingeniosa
848 2675 939 2750 fecit
960 2686 1101 2751 natura.
1153 2673 1213 2752 Et
1236 2673 1358 2776 singu-

292 2809 346 2882 lis
368 2807 516 2906 quidem
538 2833 632 2907 quac
655 2808 744 2884 facit
765 2809 804 2883 in
817 2809 898 2884 dies
925 2834 968 2884 ac
989 2833 1108 2908 prope
1128 2809 1253 2903 horas,
1275 2807 1359 2909 quis

294 2969 519 3022 enumerare
542 2945 689 3022 valeat?

333 3116 443 3180 Recte
465 3114 614 3201 Silligins
635 3135 710 3178 cum
726 3112 811 3180 R¹o
826 3112 1014 3200 (Murhac)
1036 3133 1099 3199 pro
1119 3111 1250 3203 sinpnle
1271 3114 1361 3200 qnod
1398 3185 1401 3190 ,

248 3231 352 3317 vulgo
371 3232 512 3321 legitur,
537 3233 677 3318 scripsit
696 3232 843 3320 singulis.
892 3233 1001 3320 Loqui
1023 3235 1110 3304 enim
1130 3234 1270 3302 Plinium
1293 3255 1359 3302 non

250 3354 292 3418 de
313 3351 455 3436 singulis
476 3351 596 3431 rebus,
627 3351 689 3416 sed
715 3351 757 3415 de
779 3351 920 3436 singulis
945 3352 1133 3420 hominibus
1156 3355 1251 3419 eliis
1274 3375 1361 3441 quae

248 3472 471 3558 apposuimus
489 3471 602 3535 verbis
623 3479 657 3533 et
675 3469 715 3532 iis
733 3489 819 3554 qnae
833 3471 984 3554 proxime
1001 3483 1195 3556 sequnntur,
1216 3471 1362 3538 luculen-

250 3606 301 3658 ter
326 3593 582 3657 demonstratur.
614 3589 805 3675 Requiritur
829 3604 941 3658 antem
964 3593 1181 3677 praepositio,
1205 3613 1274 3678 qua
1292 3593 1360 3656 sin·

250 3710 350 3796 gulos
374 3709 525 3774 homines
546 3708 714 3773 hominnm
736 3711 852 3794 generi
878 3713 1003 3795 opponi
1026 3712 1204 3777 indicetur.
1254 3714 1363 3786 Quam

252 3851 354 3918 quum
376 3829 538 3915 praebeat
559 3828 625 3912 R1,
654 3827 826 3913 perficitur
849 3831 1055 3908 emendatio,
1087 3829 1143 3893 uhi
1168 3829 1364 3915 scripseris:

693 3949 751 4013 Ex
771 3946 918 4037 sinqnlr‘s.

707 4116 910 4211 34:3,a
1387 4151 1447 4216 152

305 4271 513 4372 Pompeius
536 4271 697 4370 Magnus
717 4269 756 4346 in
778 4267 1003 4353 ornamentis
1024 4267 1161 4344 theatri
1182 4266 1369 4362 mirabiles
1566 4239 1568 4245 ¹

306 4409 408 4485 suma
436 4405 564 4505 posuit
589 4404 752 4505 effigies,
780 4407 828 4481 oh
851 4405 890 4481 id
917 4387 1127 4506 diligentius
1154 4431 1371 4508 magnorum

309 4543 500 4620 artificum
530 4539 691 4642 ingeniis
723 4541 948 4637 elaboratas,
987 4540 1206 4641 intorques
1237 4539 1373 4640 legitur
