3567 5559
914 556 1015 623 Libat·
1034 558 1089 623 ΙΙ.

848 736 851 739 ⁴
862 742 936 819 201
951 778 989 813 =
1001 743 1064 838 85,
1079 742 1141 819 87.

495 922 706 1001 Nascuntur
729 921 826 995 euim
852 922 1023 1021 (terroe)
1051 945 1121 996 nec
1137 916 1327 995 fluminum
1350 926 1486 993 tanturn
1502 918 1552 993 iu-

494 1071 623 1152 vectu‚
648 1056 745 1131 sicut
769 1057 985 1133 Echinades
1012 1055 1154 1131 insulae
1182 1057 1226 1129 ab
1253 1054 1419 1129 Acheloo
1449 1079 1551 1129 amne

495 1204 692 1291 congestae
715 1190 906 1290 maiorque
931 1218 1019 1291 pars
1035 1190 1198 1290 Aegypti
1225 1213 1247 1263 a
1268 1180 1366 1281 Nilo,
1392 1187 1430 1263 iu
1447 1176 1554 1288 quam

404 1429 406 1432 Ι
496 1352 520 1401 a
542 1328 667 1403 Pharo
689 1328 809 1401 insula
840 1322 960 1401 noctis
995 1334 1034 1399 et
1059 1324 1134 1399 diei
1161 1348 1311 1399 cursum
1338 1324 1453 1399 fuisse
1475 1326 1554 1432 Ho-

496 1489 600 1539 mero
634 1462 839 1556 credimus,
876 1486 946 1535 nec
979 1485 1134 1535 recessu
1168 1459 1298 1554 maris,
1332 1459 1429 1536 sicut
1458 1460 1556 1535 idem
1628 1484 1629 1487 ’

499 1597 677 1693 Circeiis,
708 1599 827 1698 quod
855 1595 1102 1673 accidisse'et
1130 1595 1169 1670 iu
1203 1596 1421 1673 Ambraciae
1447 1606 1558 1697 portu

498 1733 629 1808 decem
655 1735 793 1809 milium
820 1759 996 1835 passuum
1021 1731 1212 1811 intervallo
1246 1742 1284 1807 at
1311 1731 1559 1807 Athenien-

498 1869 613 1945 sium
640 1870 802 1971 quinque
828 1869 968 1946 milium
992 1894 1206 1970 passuum
1234 1880 1459 1943 memoratur
1483 1876 1541 1941 rel.

531 2055 643 2141 Vulgo
671 2055 848 2141 legebatur
876 2056 981 2120 eidem
1003 2054 1044 2120 de
1067 2054 1202 2120 Circeiis
1230 2074 1249 2119 e
1276 2052 1418 2117 barbari
1448 2074 1567 2119 emen-

448 2172 594 2238 datione.
639 2172 800 2237 Codicum
821 2175 1021 2255 scripturam
1042 2174 1089 2237 ita
1112 2172 1258 2257 explicat
1281 2169 1445 2255 Silligius:
1478 2172 1571 2235 sicut

448 2286 535 2358 idem
557 2286 637 2349 dicit
659 2285 797 2349 Circeiis
816 2284 930 2370 fuisse.
970 2288 1068 2358 Quod
1091 2309 1190 2369 quum
1210 2288 1242 2349 in
1267 2286 1358 2350 Plinii
1379 2287 1492 2351 verbis
1515 2287 1574 2351 in-

449 2422 528 2469 esse
548 2413 708 2486 nequeat,
736 2402 855 2466 melius
885 2403 985 2465 lanus
1020 2401 1172 2465 lacunam
1201 2401 1374 2477 indicavit,
1409 2401 1455 2462 ita
1486 2399 1576 2469 sere

448 2520 665 2601 explendam:
704 2519 790 2581 sicut
820 2518 907 2581 idem
936 2522 1025 2583 lestis
1056 2528 1104 2581 est
1130 2516 1254 2603 fuctum
1279 2538 1346 2579 esse
1378 2514 1464 2578 idem
1491 2514 1573 2581 Cir.

448 2636 525 2699 caiis
545 2634 632 2730 quod
658 2633 719 2702 rel.
772 2636 874 2721 Atqui
904 2658 1020 2702 omnes
1043 2658 1084 2703 eo
1112 2634 1285 2717 falluntur,
1314 2634 1403 2719 quod
1425 2634 1467 2697 ab
1493 2634 1575 2699 Ho-

448 2774 542 2817 mero
565 2752 689 2840 aliquid
710 2756 841 2819 narrari
867 2755 997 2835 volunt,
1026 2757 1114 2842 quod
1138 2753 1183 2817 illi
1210 2773 1253 2815 ne
1275 2752 1307 2814 iu
1330 2762 1473 2817 mentem
1496 2754 1572 2838 qui.

450 2873 525 2939 dem
540 2874 656 2939 venire
678 2875 834 2959 potuerit.
878 2875 984 2939 Poeta
1005 2874 1091 2939 enim
1111 2869 1251 2937 insulam
1274 2869 1432 2947 nominat,
1452 2870 1571 2955 itaque

450 2992 493 3057 de
516 3014 558 3058 ea
577 2992 728 3059 locorum
752 2994 932 3058 mutatione
953 3013 1019 3079 qua
1040 3013 1113 3056 curn
1137 2989 1319 3054 continenti
1335 2998 1426 3053 terra
1442 2986 1572 3055 Circeii

451 3114 619 3177 coniuncti
639 3134 718 3177 esse
739 3112 970 3195 perhibentur,
993 3108 1168 3174 manifesto
1190 3106 1422 3193 nonloquitur.
1445 3106 1570 3193 Neque

451 3229 483 3291 ei
513 3230 724 3292 excusationi
751 3229 861 3291 locum
889 3248 980 3303 csse,
1011 3248 1076 3309 qua
1098 3224 1249 3308 plerique
1272 3225 1362 3289 abuti
1389 3224 1500 3289 solent
1532 3236 1573 3289 ut

451 3342 592 3407 Plinium
616 3346 743 3408 erroris
765 3343 966 3417 insimulent,
992 3361 1011 3404 e
1033 3341 1116 3405 libro
1139 3342 1194 3408 lll.
1218 3342 1309 3421 §.57.
1330 3354 1489 3427 apparet,
1512 3344 1574 3409 ubi

452 3459 652 3525 describitur
673 3460 821 3542 „Circeii
842 3460 1009 3544 quondam
1031 3459 1138 3524 insula
1159 3459 1320 3527 immenso
1337 3461 1469 3545 quidem
1484 3464 1577 3528 mari

453 3580 658 3644 circumdata
681 3582 734 3665 (ut
756 3580 903 3644 creditur
914 3578 1078 3662 Homero)
1102 3587 1135 3641 et
1155 3598 1244 3642 nunc
1266 3578 1435 3664 planitie“.
1463 3582 1575 3647 lmmo

453 3696 579 3764 Plinius
602 3721 669 3763 uon
696 3689 900 3763 Ambraciae
927 3695 1033 3763 solum
1064 3696 1126 3763 sed
1157 3696 1256 3760 etiam
1283 3696 1421 3763 Circeiis
1448 3701 1577 3765 decem

452 3815 542 3882 milia
563 3836 724 3902 passuum
754 3828 865 3883 terrae
891 3818 1080 3881 accessisse
1110 3815 1275 3893 narravit,
1302 3826 1401 3901 atque
1424 3822 1578 3886 eandem

453 3957 643 4003 mensuram
666 3937 688 4004 l.
702 3937 724 4005 l.
746 3936 887 4022 profert.
931 3937 1046 4020 ltaque
1070 3934 1179 3999 deleto
1201 3936 1396 4018 pronomine
1419 3939 1578 4005 scriben-

455 4053 532 4116 aum
554 4067 624 4120 est:
654 4058 739 4119 aaut
762 4056 848 4119 soem
872 4053 1008 4117 carata
1030 4052 1185 4117 acosma
1205 4061 1238 4116 et
1257 4054 1279 4115 a
1294 4054 1339 4120 A.
1351 4077 1384 4140 ρ.
1433 4054 1579 4124 uernae
1605 4033 1609 4042 ’

454 4168 601 4254 genitivo
628 4160 880 4235 Atheniensium
910 4182 1080 4235 structura
1108 4173 1287 4237 verborum
1313 4174 1472 4238 turbatur.
1532 4178 1582 4242 Et

454 4285 568 4352 vitium
598 4290 729 4374 quidem
756 4292 945 4374 scripturae
969 4289 1134 4354 varietate
1160 4290 1322 4373 proditur.
1375 4292 1461 4359 Nam
1484 4296 1582 4357 sium

454 4407 489 4472 iu
505 4408 616 4473 codd
637 4410 670 4473 in
694 4428 817 4475 rasura
838 4419 912 4486 est,
934 4424 1092 4473 mensura
1114 4410 1271 4476 omittitur
1285 4410 1318 4475 in
1331 4410 1392 4475 To.
1421 4412 1583 4481 Litteras

456 4526 558 4613 igitur
574 4526 648 4595 VM
665 4548 684 4593 e
704 4528 868 4613 proximis
888 4524 960 4593 VM
981 4525 1067 4593 male
1088 4530 1250 4613 repetitas
1269 4549 1348 4595 esse
1371 4545 1521 4619 apparet
1545 4544 1584 4601 et
