3567 5559
668 759 759 822 liber
780 759 884 824 m.
1269 747 1330 819 137

224 989 229 998 ·
266 953 566 1054 conglutinauda
595 997 631 1008 -·
665 954 821 1032 sdicitur
847 953 1006 1030 decocto
1034 950 1158 1026 vinum
1186 974 1231 1028 oc
1258 949 1331 1026 mel

265 1143 306 1161 ..
336 1107 543 1186 rursusque
570 1086 740 1185 coquitur
774 1085 811 1161 in
838 1108 950 1162 aereo
977 1106 1067 1160 vase
1093 1083 1141 1158 ad
1167 1083 1329 1159 dentium

267 1217 426 1297 dolores
455 1269 501 1294 ..

222 1348 427 1416 &noemma
455 1351 493 1416 δὲ
520 1347 558 1418 ἕν
578 1353 680 1442 χαλκῇ
711 1351 826 1428 nullior
848 1350 956 1414 Dioso.
977 1348 1034 1414 IV.
1053 1351 1111 1433 32,
1143 1356 1240 1436 utque
1271 1349 1332 1415 lroo

221 1467 323 1552 ipsum
345 1475 504 1547 copitar
525 1469 544 1532 i.
560 1453 596 1532 ''e.
626 1469 771 1554 coegitur
792 1467 844 1550 rel
866 1468 1025 1553 colligitur
1047 1466 1104 1545 (cf.
1125 1465 1200 1532 XX.
1221 1463 1258 1543 3)
1297 1468 1331 1531 in

222 1583 278 1647 cod
299 1606 320 1648 o
342 1586 514 1670 reperitur.
546 1585 670 1672 ,reque
692 1586 776 1650 enirn
798 1605 927 1667 vereor,
961 1606 1002 1650 ne
1023 1606 1052 1649 v.
1073 1606 1180 1648 rursus
1201 1585 1333 1670 vulgata

223 1701 312 1765 lectio
335 1700 471 1766 defendi
493 1701 648 1768 videntur.

555 1826 625 1899 186
651 1829 687 1898 el
716 1825 1000 1911 187=19,120.
1353 1855 1415 1924 529

225 1951 296 2016 nihil
317 1953 575 2036 emendandum,
603 1953 661 2018 sed
682 1953 835 2017 librorum
856 1952 947 2018 MSS.
976 1955 1148 2018 auctoritas
1168 1952 1332 2018 vindicen-

228 2068 264 2132 de
285 2072 355 2136 erit.
401 2072 451 2136 Ac
477 2073 616 2159 primum
650 2070 778 2156 quidem
803 2075 866 2147 lent
896 2055 1021 2136 'Graece'
1054 2070 1209 2153 editores,
1249 2076 1334 2148 soeret

228 2187 273 2250 vel
302 2193 389 2264 scari
422 2187 550 2254 codices
588 2188 755 2254 dederuut,
799 2191 846 2252 De
875 2187 1000 2254 Graeco
1034 2187 1163 2275 quidem
1194 2189 1334 2276 loquitur

229 2303 354 2387 Plinius,
377 2305 438 2372 sed
454 2306 487 2370 id
499 2326 688 2392 cognomen,
710 2305 797 2392 quod
818 2306 922 2391 §.184
943 2314 1152 2393 opposuerat,
1175 2314 1208 2371 st
1228 2306 1281 2373 lrio
1302 2313 1335 2372 et

230 2414 373 2503 proximo
393 2423 561 2487 enuntiato
577 2423 742 2489 brevitatis
765 2422 927 2488 studiosus
938 2424 1054 2488 omisit.
1076 2423 1203 2489 Deinde
1230 2427 1333 2488 Timon

231 2539 313 2622 quod·
322 2542 356 2604 in
365 2540 516 2604 omnibus
522 2539 612 2604 libris
619 2541 736 2626 legitur
747 2541 866 2626 (cyrnon
872 2539 919 2626 Ε)
928 2539 969 2605 eb
978 2541 1193 2605 editoribusin
1207 2546 1333 2606 Damion

232 2663 380 2722 mulctum
404 2666 464 2740 est,
488 2659 638 2744 quonium
659 2657 738 2722 illud
759 2677 876 2722 nomen
895 2629 929 2722 irl
949 2656 1057 2722 indice
1082 2664 1248 2724 suetorum
1269 2679 1334 2724 non

234 2770 425 2860 invenerant,
467 2775 585 2840 Nescio
608 2795 664 2840 cur
690 2779 840 2840 Theodori
866 2795 984 2840 nornen
1007 2777 1047 2838 in
1069 2795 1167 2841 sensu
1188 2777 1334 2861 proximo

235 2891 390 2973 superiore
414 2899 448 2956 et
470 2892 542 2958 XX.
569 2893 627 2958 103
648 2893 855 2957 illucessitum
876 2892 1080 2978 reliquerint:
1122 2913 1199 2956 nom
1218 2913 1260 2956 ne
1281 2893 1335 2959 lric

236 3005 354 3088 quidem
365 3011 451 3074 inter
464 3017 611 3074 auctores
623 3015 900 3075 commemoretur.
922 3008 1051 3074 Scilicet
1064 3008 1181 3074 medici
1194 3006 1335 3093 luerurit,

238 3141 361 3224 quorum
384 3126 530 3190 remedie
550 3092 718 3192 Plinius⁰o
738 3126 823 3191 libro'
841 3127 951 3191 nendo
972 3147 1036 3213 quo
1058 3135 1261 3212 cognoverat.
1324 3116 1327 3120 “

665 3261 787 3337 11111
810 3261 910 3337 XXV.-

310 3394 344 3456 In
366 3394 429 3459 hoc
450 3392 530 3457 libro
553 3392 755 3457 emendando
778 3393 820 3457 sd
841 3413 896 3457 eos
919 3413 999 3479 quos
1027 3414 1125 3480 supro
1145 3395 1335 3459 memorari-

241 3523 300 3570 nns
325 3511 424 3575 libros
451 3511 526 3574 inde
549 3531 569 3574 c
590 3510 619 3595 S.
640 3510 683 3578 30
703 3510 772 3576 cod.
794 3511 839 3592 R,
871 3511 925 3595 qui
953 3511 986 3574 in
1007 3509 1069 3576 lroc
1098 3511 1228 3597 quidem
1254 3512 1335 3577 libro

243 3621 331 3690 codici
360 3649 380 3693 o
401 3628 561 3692 interdum
584 3627 826 3714 posthabendos
839 3627 980 3710 ridetur3
1002 3629 1035 3691 in
1051 3629 1162 3714 paucis
1179 3629 1336 3713 capitibus

242 3738 301 3802 rod.
324 3723 550 3832 palimpsestus
573 3745 780 3810 Sessorisnus
811 3744 956 3808 accessit.
999 3743 1028 3828 S.
1048 3747 1152 3811 4-15
1183 3746 1216 3808 in
1244 3745 1335 3809 chre·

245 3860 510 3949 stomnthiap.236
523 3883 591 3948 sqq.
614 3863 759 3944 tractavi,
782 3860 816 3924 in
837 3861 953 3946 quibus
974 3882 1061 3925 nunc
1078 3861 1139 3945 §.8
1162 3882 1234 3925 cum
1256 3864 1335 3926 lano

244 3974 325 4039 scribi
333 3981 415 4044 malo
419 3987 498 4060 forr,
506 3979 549 4044 ib.
558 4001 629 4068 curn
639 3980 671 4043 S.
685 3981 710 4042 1.
718 3982 954 4059 quodnpertirr‘s,
971 3977 1001 4061 S.
1017 3978 1133 4043 ileum
1148 3979 1215 4045 Sill
1225 3986 1334 4044 badim.

685 4101 731 4173 21
751 4100 877 4184 Ξ3,(1.
1231 4145 1236 4151 ·
1357 4114 1420 4184 530

287 4275 318 4296 ·.
342 4229 411 4306 nisi
447 4229 541 4307 sorte
583 4228 749 4306 confines
796 4249 939 4305 oceano
977 4226 1188 4307 Britanniae
1236 4231 1338 4309 velut

288 4363 508 4462 propinquae
535 4361 720 4437 dicavere.

316 4499 397 4556 veluti
406 4499 581 4572 propinquo
607 4492 677 4580 (vel
688 4490 876 4577 propinque)
889 4490 1013 4557 Sessor.
1035 4494 1056 4557 i.
1078 4515 1106 4558 e.
1128 4501 1208 4557 uelut
1226 4513 1244 4556 e
1261 4511 1336 4570 pro·

249 4599 358 4687 linquo,
386 4617 422 4674 ut
442 4607 549 4674 m„
571 4610 608 4690 7,
636 4608 854 4695 recipiendum
882 4609 1105 4713 houdndnbie.
1149 4611 1178 4695 §-
1198 4611 1242 4677 23
1263 4594 1336 4673 cum
1392 4598 1395 4601 ¹

252 4706 301 4780 Vll
318 4743 352 4787 oc
368 4711 516 4806 praesens
537 4746 601 4791 non
623 4732 828 4807 (tumescens
849 4726 932 4812 lego.
