3567 5559
1279 763 1322 832 tB

971 957 1132 1023 codicibus
1157 958 1322 1042 reperiun-

933 1079 1091 1140 1mmerit0
1110 1095 1130 1140 a
1150 1074 1225 1140 viris
1249 1074 1323 1140 doc·

783 1501 813 1554 ts
854 1476 963 1555 lentis
1004 1483 1089 1579 post
1128 1475 1322 1580 vergilias3

728 1643 763 1703 e,
800 1611 1025 1712 perfundunt
1042 1611 1221 1702 arborem,
1248 1633 1323 1688 uon

678 1727 835 1844 „grossi
862 1743 1015 1834 cadunt,
1043 1743 1071 1819 si
1101 1743 1161 1821 vel
1186 1744 1322 1820 imbres
1401 1743 1403 1748 ’

632 1930 638 1949 ,
676 1878 788 1956 modo
828 1877 921 1954 ficus
957 1875 1099 1952 laborat
1133 1875 1322 1954 radicibus
1430 1957 1434 1986 Ι

547 2141 614 2226 pud
629 2141 787 2228 Silligium
799 2141 945 2228 legimus,
969 2140 1106 2206 eundem
1120 2140 1211 2206 aliter
1227 2142 1322 2208 Ianus

503 2261 563 2322 uisi
573 2257 789 2345 Theophrasti
801 2257 1047 2344 descriptionem
1068 2257 1125 2324 lv.
1147 2260 1193 2326 14.
1218 2263 1236 2324 5
1258 2257 1322 2324 Pli-

455 2382 550 2458 esset,
575 2374 753 2440 ecodicum
765 2377 840 2442 Mss.
857 2375 1004 2440 sordibus
1018 2376 1072 2440 vix
1093 2375 1235 2463 expediri
1251 2397 1322 2461 pos-

425 2499 532 2556 autem
548 2494 651 2558 modis
663 2493 758 2560 ficum
775 2493 928 2558 imbribus
951 2493 1061 2556 vexari
1083 2491 1322 2579 Theophrastus

380 2622 418 2699 ος
455 2631 558 2696 aquae
580 2613 730 2696 penuria,
763 2612 849 2680 unde
885 2610 1009 2678 scabies
1039 2615 1195 2692 oreretur,
1224 2610 1322 2695 lurgis

339 2747 383 2806 rs,
404 2728 518 2818 quibus
542 2729 635 2796 arbor
656 2729 922 2815 perfunderetur,¹
944 2727 1050 2794 nimiis
1073 2726 1228 2812 denique,
1252 2727 1321 2816 qui-

305 2841 423 2906 redices
454 2844 631 2910 maderent.
675 2847 817 2921 Quorum
840 2847 1022 2911 morborum
1045 2845 1180 2930 primum
1202 2843 1255 2907 ille
1278 2843 1323 2906 sic

270 2958 401 3043 scripsit:
445 2959 464 3046 ἡ
498 2961 535 3028 δὲ
559 2964 660 3048 urbica
693 2966 837 3049 μάλιστα
870 2969 997 3046 γίνοτάι
1030 2961 1111 3029 ὅταν
1142 2957 1232 3047 ὕδωρ
1267 2955 1324 3026 ἐπὶ

237 3073 358 3142 Histricis
379 3082 513 3164 γένηται
541 3080 584 3167 μοὶ
606 3081 711 3160 πολύ,
744 3079 866 3144 Plinius
898 3079 973 3144 iude
1009 3101 1027 3144 a
1060 3099 1138 3144 voce
1170 3077 1322 3160 ,Scabies‘

238 3195 383 3274 usquead
406 3195 594 3281 ,vergilias‘,
617 3199 753 3262 aiterum
774 3198 823 3261 his
845 3200 950 3263 verbis
973 3195 1034 3265 ἐὰν
1057 3198 1095 3264 δὲ
1116 3193 1216 3276 notri,
1238 3196 1322 3261 ἀπο-

238 3306 376 3385 κλύζεται·
413 3319 587 3398 συμβαίνει
622 3315 659 3381 δὲ
691 3315 767 3381 τότε
799 3321 855 3381 καὶ
885 3317 927 3380 τὰ
957 3311 1051 3403 ἕρινά
1085 3313 1246 3400 ἀπορρεῖν
1268 3317 1324 3380 καὶ

239 3424 299 3501 τοὺς
326 3425 506 3508 ὀλύνθους,
541 3431 655 3516 quibus
687 3433 772 3518 apud
799 3431 939 3497 Plinium
972 3434 1119 3518 proxima
1148 3453 1249 3519 usque
1281 3427 1324 3496 ad

239 3553 330 3609 vocem
349 3553 464 3612 cadunt
483 3547 701 3635 respondeant
721 3557 936 3616 necesse‘est.
979 3553 1122 3636 Apparet
1141 3551 1238 3636 igitur
1261 3551 1322 3613 iar-

240 3662 320 3733 riores
337 3665 517 3730 rectissime
539 3667 786 3760 aDalecampio
808 3667 920 3751 scribi,
942 3668 1019 3732 licet
1039 3667 1166 3756 cedices
1187 3673 1323 3732 rariores

239 3770 374 3866 habeant,
411 3781 527 3847 deinde
558 3783 648 3848 nihili
678 3783 858 3848 faciendam
886 3805 959 3851 esse
987 3784 1234 3871 dittographism
1251 3803 1323 3864 per·

239 3892 346 3964 siendum
380 3920 434 3981 ne,
466 3920 484 3963 e
518 3901 636 3965 codicis
669 3903 833 3988 archetypi
867 3902 944 3967 vitio
968 3897 1323 3967 PuRrVNDVNrNT

240 4017 441 4100 repetendam
475 4023 542 4082 tum
569 4023 672 4082 scabie
699 4030 727 4082 et
754 4024 855 4098 protei
886 4019 1016 4106 egregie
1047 4017 1086 4082 sb
1108 4016 1274 4082 Hsrduino
1305 4038 1323 4083 e

241 4135 404 4219 corruptelis
439 4134 584 4199 codicum
611 4142 715 4200 scabie
750 4147 846 4205 eteros
873 4142 917 4218 si,
955 4137 981 4200 si
1009 4136 1130 4222 Silligio
1164 4129 1322 4203 credimus
1362 4209 1366 4222 ¹

245 4241 429 4324 (sortiterossi
455 4253 487 4317 in
508 4253 659 4316 Parisirris
681 4253 745 4338 legi
767 4253 953 4317 Herduinus
975 4254 1113 4336 retulit),
1141 4259 1322 4320 restitutum

242 4377 309 4449 esse3
337 4375 502 4454 postremo
534 4373 637 4433 scabie
674 4369 760 4456 quod
781 4369 969 4435 Harduinus
1001 4377 1087 4436 recte
1116 4369 1157 4435 ad
1184 4379 1324 4452 scripum

243 4481 429 4566 tppiicueret,
473 4505 493 4548 ο
522 4484 647 4571 Silligic
678 4487 762 4551 male
796 4509 868 4552 cum
897 4509 946 4556 vv.
976 4499 1004 4550 et
1030 4494 1130 4567 pressi
1162 4487 1322 4572 coniungi.

242 4590 417 4689 Quemquam
439 4622 552 4667 vocem
573 4608 676 4667 scabie
696 4603 783 4667 haud
810 4605 875 4669 scio
896 4625 938 4668 cn
960 4605 1053 4670 docto
1075 4601 1322 4690 potius-librario
1393 4595 1395 4600 ’

244 4721 438 4794 sumpturo
459 4719 613 4800 tribuum,
640 4739 703 4806 qus
725 4721 884 4788 insolitum
908 4721 1158 4800 verbiscalpunt
1177 4718 1240 4784 vim
1263 4738 1317 4783 ex·
