3567 5559
700 692 792 768 roer
812 707 967 772 rim.
1093 786 1097 790 ,
1331 706 1392 776 215

261 900 461 966 tradiderat
482 921 554 964 curn
575 903 777 986 grammatici
798 901 1007 966 annotatione
1030 902 1257 966 coalescerent.
1301 905 1391 967 Insu-

261 1021 339 1083 lam
369 1020 456 1084 enim
477 1019 636 1103 Aeginam
658 1038 731 1082 esse
753 1039 888 1104 eamque
913 1039 972 1082 sua
994 1027 1101 1083 aetate
1128 1013 1301 1104 igndbilcm
1324 1041 1393 1084 sae·

264 1139 351 1202 culo
380 1144 493 1224 quarto
520 1136 748 1220 grammaticus
779 1144 934 1200 annotare
955 1137 1074 1219 potuit,
1111 1135 1234 1200 Plinius
1269 1138 1394 1202 etiamsi

265 1276 344 1318 non
372 1254 429 1318 IV.
452 1254 492 1320 57
521 1254 701 1335 retulisset,
735 1273 985 1318 commemorare
1017 1275 1081 1317 non
1115 1261 1248 1339 poterat.
1303 1254 1394 1329 Quae

263 1372 384 1456 igitur
404 1378 542 1453 restant,
571 1350 641 1456 ipse
663 1372 708 1434 ita
731 1373 915 1435 enuntiasse
943 1371 1105 1456 putandus
1137 1379 1202 1453 est,
1235 1393 1310 1436 nam
1339 1394 1394 1438 aes

267 1512 384 1576 supra
404 1489 639 1553 nominaverat:

322 1614 477 1672 Proxima
499 1611 565 1669 laur
589 1612 762 1683 Aeptnettco
781 1612 857 1686 ficit,
885 1625 957 1669 non
977 1575 1079 1684 poca
1101 1612 1142 1670 tbi
1164 1613 1315 1688 siccetur,
1343 1614 1398 1671 red

322 1729 382 1802 off.
405 1738 424 1790 r.
446 1729 611 1787 nobilitare.
1125 1703 1141 1718 '

725 1883 772 1952 95
798 1897 836 1930 ΐ-
863 1881 960 1965 9,20,
1217 1925 1228 1938 ‚
1416 1887 1478 1958 748

254 2017 261 2028 “
333 2008 457 2110 palma
481 2008 669 2108 Campano
698 2007 911 2109 perhibetur
929 2008 1156 2098 utensilibus,
1183 2010 1283 2086 vasis
1310 2033 1395 2110 pro-

334 2143 539 2220 batissimo.
1420 2123 1424 2139 “

337 2311 343 2321 ·
372 2275 531 2340 Utensilia
560 2293 639 2338 rasa
664 2291 729 2336 non
752 2271 814 2336 duo
838 2282 913 2336 sunt
945 2294 1064 2357 genera
1086 2274 1142 2338 sed
1170 2275 1320 2340 utensilia
1343 2297 1396 2338 va·

281 2417 398 2462 sorum
419 2414 521 2479 genus
554 2391 610 2466 (cf.
634 2390 794 2469 ,utensilia
825 2394 984 2454 vasorum‘
1006 2391 1098 2456 XlIl.
1121 2395 1198 2474 72),
1232 2393 1316 2478 quod
1338 2393 1396 2456 Isi-

282 2484 359 2579 dori
394 2513 490 2576 etiam
527 2487 789 2593 interpolatione
808 2508 1028 2586 (,utensilibus
1063 2518 1095 2573 et
1129 2513 1214 2575 vasis
1253 2514 1397 2574 omntbcs‘
1433 2585 1435 2588 ¹

281 2631 378 2697 XVI.
401 2630 458 2705 79)
484 2627 695 2692 confirmatur.
740 2626 974 2710 Deletaigitur
995 2647 1077 2712 quae
1101 2648 1140 2690 ne
1163 2629 1194 2690 in
1218 2628 1245 2690 B
1268 2628 1396 2714 quidem

285 2754 398 2814 exstat
419 2744 675 2829 interpunctione
697 2742 853 2806 scribatur
875 2750 1002 2828 oportet
1024 2751 1197 2806 utensilitas
1218 2751 1305 2809 casis.
1394 2807 1402 2818 ,

340 2865 397 2941 Fit
423 2864 609 2962 Campano
636 2859 754 2935 simile
781 2861 816 2935 in
844 2843 966 2936 multis
981 2862 1146 2962 partibus
1160 2861 1285 2938 ltaliae
1313 2885 1398 2962 pro·
1419 2869 1481 2936 749

342 2997 560 3098 vinciisque,
612 2992 688 3070 Sed
715 3001 869 3069 octonas
898 2993 1035 3093 plumbi
1062 2992 1173 3080 libras
1200 2995 1340 3070 addunt
1361 3001 1398 3072 et

341 3132 503 3207 carbone
530 3134 737 3225 recoquunt
760 3135 915 3226 propter
940 3127 1101 3227 inopiam
1130 3127 1230 3227 ligni.
1323 3127 1334 3162 ²

321 3289 323 3292 ·
376 3262 454 3337 Quis
476 3260 627 3325 tandem?
660 3279 775 3343 nempe
798 3259 995 3342 provinciae,
1020 3259 1192 3344 Capuauos
1215 3261 1299 3325 enim
1320 3259 1399 3344 ligni

288 3404 356 3447 non
381 3378 528 3444 carbonis
559 3367 689 3463 ignibus
718 3377 766 3440 uti
794 3374 890 3461 supra
921 3375 1071 3440 traditum
1094 3385 1178 3462 erat3
1211 3378 1295 3442 Galli
1323 3398 1398 3441 vero

290 3502 391 3586 etiam
413 3496 537 3581 lapides
560 3492 770 3559 candefacere
793 3495 900 3558 statim
923 3501 1101 3559 narrantur.
1134 3495 1228 3570 Quod
1250 3497 1346 3581 igitur
1367 3494 1400 3557 in

289 3594 319 3682 ‘B
341 3616 493 3699 scriptum
516 3614 632 3697 legitur
653 3619 756 3675 italice
770 3619 950 3690 prouinciae
967 3607 1174 3690 pronitatem
1201 3617 1257 3674 red
1276 3623 1400 3680 octonos

289 3735 368 3799 inde
391 3732 528 3795 Plinium
549 3729 630 3793 haec
651 3722 821 3793 tradidisse
844 3730 1064 3813 consequitur:

343 3889 375 3898 -
399 3854 504 3930 Italiac
519 3855 751 3942 provinciisque.
797 3852 857 3909 Sed
871 3852 1051 3924 ,prouinciae
1072 3857 1198 3908 octonas
1220 3844 1276 3908 rel.

598 4029 601 4033 ’
699 4018 768 4090 102
795 4043 828 4072 =
855 4013 1004 4089 ibidem.
1170 4003 1172 4007 ¹
1253 4031 1256 4038 '
1422 4034 1484 4102 750

345 4146 514 4244 botryitis
541 4146 743 4238 nominata,
773 4145 1018 4244 ponderosior
1044 4145 1138 4220 haec
1165 4145 1309 4243 priore,
1348 4141 1402 4218 lc-

345 4281 426 4357 vior
452 4279 646 4354 secuturis.
700 4278 780 4353 Duo
809 4278 888 4353 eius
918 4279 1084 4354 colores:
1113 4255 1283 4354 deterior*
1303 4276 1403 4350 cine-

328 4400 443 4500 ‘reus
470 4411 651 4512 puniceus
679 4408 817 4498 melior,
857 4409 1008 4488 friabilis
1037 4409 1303 4506 oculorumque
1329 4430 1403 4481 me·

348 4542 567 4620 (licamentis
595 4542 795 4618 utilissima.
847 4542 967 4618 Tertia
994 4551 1050 4620 est
1075 4542 1110 4617 in
1127 4540 1302 4615 lateribus
1328 4536 1403 4615 lor-

345 4677 573 4772 oecium-3
610 4674 704 4751 haec
731 4675 863 4751 (licitur
890 4676 1054 4774 placite,
1096 4673 1238 4772 etipsa
1273 4670 1319 4746 ab
1347 4692 1404 4745 ar-
