3567 5559
678 739 766 800 liber
787 741 920 804 XXXV.
1289 734 1350 803 223

224 932 466 997 emendantur.
513 937 569 1009 Oui
595 955 667 998 mox
703 939 810 998 dende
833 946 861 994 cr
891 953 969 1013 quoe
996 938 1157 996 invenerint
1190 943 1218 994 et
1244 937 1351 1009 qulbus

225 1056 443 1132 temporibrc,
471 1051 593 1114 Plinius
616 1053 806 1136 scripserat,
834 1059 869 1115 ut
889 1071 940 1115 ras
969 1056 1001 1113 ct
1023 1056 1161 1115 aetatem
1189 1051 1350 1134 particulis

225 1169 390 1252 repetitis
413 1170 633 1253 coniungeret.
676 1169 781 1243 Quum
800 1175 907 1232 autem
930 1168 1130 1253 grammatici
1152 1167 1350 1232 additamen-

224 1292 305 1348 tum
334 1298 596 1365 monogrammum
619 1307 655 1348 ea
676 1308 788 1364 genero
806 1295 946 1364 picturae
962 1295 1109 1349 occantur
1129 1285 1161 1347 in
1176 1287 1351 1362 orationem

225 1405 409 1488 scriptoris
425 1405 629 1488 reciperetur,
652 1405 786 1489 contigit
808 1412 841 1467 et
861 1412 898 1468 nt
921 1425 945 1467 v.
963 1424 1033 1466 mccc
1048 1403 1172 1466 initium
1187 1403 1352 1487 proximae

226 1521 434 1610 absorberet
454 1528 487 1584 et
508 1528 543 1584 nt
564 1545 593 1586 r.
615 1530 666 1600 qm·
686 1528 897 1606 repeteretur.

687 1646 734 1716 36
761 1661 799 1694 ²²
826 1647 922 1730 6,17.
1373 1631 1435 1699 765

287 1771 485 1870 Sinopidis
518 1770 697 1848 Ponticae
736 1773 888 1863 selibra,
929 1770 1007 1847 silis
1048 1770 1159 1847 lucidi
1193 1770 1351 1847 librisll

290 1903 363 1980 rel.
893 1881 896 1886 “

328 2029 415 2099 Huic
446 2035 593 2120 equidem
620 2037 690 2116 locp
718 2060 782 2102 non
806 2046 931 2102 tantum
960 2029 1069 2101 auxilii
1099 2037 1212 2101 afferre
1240 2043 1351 2120 potero

233 2155 568 2240 quantum-proximo
591 2157 746 2239 superiori
767 2157 876 2229 sensui
899 2155 1064 2220 Pintianus
1087 2155 1202 2236 attulit,
1226 2153 1282 2218 sed
1305 2162 1351 2216 ta·

234 2294 318 2336 men
351 2272 530 2356 elegantiae
559 2275 722 2337 sermonis·
742 2275 923 2338 consultum
952 2293 1023 2338 esse
1047 2272 1197 2355 arbitror,
1241 2291 1352 2334 cume
1435 2311 1436 2320 κ

236 2387 360 2452 cod.·B
384 2395 493 2450 croilis
518 2390 691 2473 scripseris.

376 2623 383 2635 l
534 2471 582 2584 37
608 2533 648 2562 =
676 2515 770 2599 (tlt.
810 2508 877 2601 (de
908 2510 1063 2603 melino)
1374 2471 1436 2540 76⁶

292 2645 490 2740 praeterea
528 2639 692 2740 linguam
730 2651 831 2718 tactu
871 2646 1002 2739 siccat,
1051 2643 1147 2744 pilos
1185 2643 1353 2731 detrahit,
1406 2748 1408 2758 ,

293 2775 447 2873 mitigat.

308 2907 390 2990 ,Nisi
413 2909 541 2993 egregie
563 2908 665 2989 fallor,
683 2910 765 2973 Plin.
783 2916 898 2993 medico
921 2918 951 2974 cr'
973 2911 1117 2996 scripsit‘.
1142 2913 1191 2974 lta
1213 2907 1353 2994 Silligius

241 3038 276 3092 et
312 3027 433 3090 fallitur
463 3031 602 3111 egregie.
645 3027 727 3106 Nam
761 3037 846 3093 recte
880 3029 1010 3113 quidem
1039 3051 1056 3090 e
1088 3030 1239 3092 librorum
1261 3027 1352 3093 MSS.

240 3145 434 3228 corruptelis
457 3118 574 3208 metica
603 3152 638 3209 ut
660 3146 687 3208 B

457 3265 644 3327 meccicaut
666 3263 727 3327 Vd

457 3381 592 3442 metcica
613 3381 699 3444 utR

242 3498 480 3562 substantivum
504 3505 533 3560 oi
554 3498 677 3579 clicuit,
707 3498 765 3563 sed
787 3499 978 3566 adiectivum
1004 3501 1129 3564 etiamsi
1152 3500 1236 3585 apud
1261 3499 1352 3564 Dios·
1424 3476 1430 3492 ¹

242 3616 387 3680 coridem
409 3615 448 3678 V.
472 3617 542 3695 179,
565 3638 658 3701 quem
682 3618 787 3682 locum
809 3618 878 3701 ipsc
901 3619 1065 3698 laudavit,
1084 3617 1214 3681 verbum
1239 3617 1352 3701 σμήχει

241 3755 308 3797 non
338 3714 548 3818 repperisset,
577 3715 670 3799 Plinii
699 3737 965 3800 saltem-anctore
988 3735 1092 3798 XXX.
1116 3735 1156 3801 29
1184 3735 1352 3797 restituere

241 3858 382 3936 poterat.
405 3851 491 3919 Luce
508 3852 591 3915 enim
606 3852 720 3916 clarius
736 3861 785 3918 cst
804 3855 899 3917 scribi
923 3861 1090 3939 oportere:
1112 3824 1295 3915 srnrcrr'cn
1317 3857 1351 3915 vt.

691 3977 739 4049 38
757 4013 786 4041 :
811 3980 905 4063 630.
1374 3991 1434 4058 767

298 4102 389 4179 Usta
416 4125 505 4178 casu
531 4115 673 4204 reperta
695 4106 802 4182 estin
830 4106 1003 4183 inccndio
1022 4106 1172 4198 Piracei,
1201 4128 1353 4182 cerussa
1422 4100 1427 4113 '

293 4239 332 4312 in
352 4237 449 4312 orcis
477 4246 647 4313 cremata.

328 4369 482 4433 Orcarum
506 4390 602 4453 quum
625 4372 658 4434 in
680 4372 839 4436 coloribus
861 4372 1085 4455 comparandis
1109 4372 1196 4436 nulla
1217 4390 1364 4456 usquam¹

245 4488 367 4552 mentio
389 4487 454 4569 liat,
476 4488 564 4550 urcei
586 4496 693 4553 autem
717 4498 749 4554 et
769 4489 945 4554 aVitruvio
958 4489 1030 4552 VII.
1048 4493 1095 4556 ll.
1125 4498 1141 4553 l·
1160 4497 1191 4552 et
1215 4487 1352 4552 aPlinio
1414 4473 1416 4478 ¹

244 4608 315 4690 ipso
336 4603 491 4669 XXXIV.
514 4608 575 4673 175
598 4615 903 4690 commemorentur,
930 4629 994 4671 non
1017 4627 1146 4692 possum
1169 4627 1234 4670 non
1256 4604 1351 4670 vehe-

245 4733 370 4790 menter
391 4726 515 4806 mirari,
542 4724 711 4791 lectionem
734 4733 818 4792 arcis
837 4747 919 4811 quac
941 4729 974 4789 in
997 4727 1038 4790 B¹
1072 4729 1228 4814 reperitur
1251 4726 1352 4790 altera
