3567 5559
400 697 464 766 102
862 700 951 763 Leon
970 703 1046 768 ΧΧ.
1161 687 1168 697 ’

441 899 540 962 msice
567 913 679 976 sopore
700 900 926 978 proximum.
948 918 979 962 o.
1001 917 1028 962 o.
1050 901 1078 962 t.
1098 915 1127 962 c.
1147 919 1175 962 r.
1195 920 1236 962 ur.
1257 920 1288 964 o.
1306 921 1330 964 s.
1352 937 1391 947 -
1418 918 1446 964 e.
1467 904 1505 963 Ε.

443 1035 468 1080 e.
490 1036 520 1082 o.
541 1033 650 1098 umus,
673 1051 715 1062 -
738 1019 806 1090 sere
827 1019 1044 1098 oxylapathum
1065 1026 1191 1098 coeant,
1211 1052 1254 1064 -
1270 1023 1360 1082 rothi
1377 1023 1511 1082 otssisd-
1612 1104 1613 1111 ἵ

443 1139 500 1196 tius
520 1141 549 1196 et
570 1137 706 1198 oratore
725 1136 802 1210 solio
822 1153 860 1198 oo
881 1137 1022 1198 murore
1042 1133 1099 1199 rel.

496 1249 608 1335 §232
650 1251 818 1351 Apuleius=
833 1250 972 1316 fortusse
1000 1257 1088 1316 recte
1116 1258 1192 1318 ente
1219 1259 1427 1354 morimundo
1457 1253 1514 1318 sd·

408 1368 489 1434 didit
508 1373 565 1432 sed
586 1373 695 1433 omnio.
734 1369 848 1454 §242
868 1369 955 1434 idem
975 1390 1041 1434 non
1062 1375 1168 1432 tramis
1187 1390 1287 1433 semen
1309 1371 1368 1436 ssd
1389 1376 1516 1438 uiridem
1613 1426 1614 1457 p

401 1506 497 1550 semen
521 1485 617 1574 legit,
653 1483 835 1571 quodcum
862 1484 1008 1552 contritis
1031 1486 1207 1551 seminibus
1233 1487 1345 1572 §241
1368 1510 1517 1574 oppone-

401 1609 463 1684 tur,
485 1601 518 1666 iu
540 1605 636 1666 uiride
656 1623 754 1666 semen
776 1603 963 1669 mutandum
985 1603 1095 1690 iisque
1115 1604 1337 1689 recipiendum
1349 1614 1411 1672 est.
1437 1613 1519 1672 uno
1614 1587 1616 1639 l

402 1721 494 1806 §.246
516 1724 604 1786 reete
625 1718 744 1784 ibidem
766 1721 925 1786 inseritun
947 1721 1052 1805 §.252
1073 1728 1229 1806 protolici
1244 1729 1327 1806 dem,
1349 1744 1415 1809 quo
1438 1744 1518 1790 con·
1614 1710 1615 1775 l

403 1825 548 1904 cinnitsti
569 1838 763 1921 consulatur,
784 1838 924 1904 seribere
936 1838 1045 1903 malim
1063 1823 1176 1905 illitum

320 2009 384 2082 444
715 2013 971 2102 253=23,94.
1003 2009 1213 2102 (domoc).
1615 2128 1616 2133 Ν

457 2139 615 2220 nobilius
649 2142 945 2224 Athamanticum
978 2151 1135 2232 vocant,
1177 2140 1230 2217 illi
1253 2149 1443 2241 tamquam
1470 2141 1516 2216 ub
1615 2152 1616 2155 ‘

456 2275 679 2351 Athamante
705 2273 912 2366 inventum,
942 2275 990 2366 hi,
1019 2275 1190 2374 quoniam
1219 2270 1516 2352 laudatissimum

453 2408 489 2482 in
516 2406 739 2484 Athamante
767 2407 980 2508 reperiatur.
1473 2485 1476 2495 ,

464 2536 688 2628 Macedoniam
710 2538 915 2606 Dioscorides
937 2539 962 2603 1.
982 2540 1002 2605 3
1027 2538 1181 2620 nominet,
1204 2537 1421 2604 Athamaniae
1442 2537 1514 2602 fini·

404 2656 524 2722 timum.
565 2653 659 2722 Hane
687 2655 783 2739 igitur
804 2657 928 2722 Plinius
962 2675 1231 2722 commemorasse
1259 2652 1422 2740 putandus
1454 2662 1513 2718 est

404 2771 527 2850 Quodsi
551 2771 730 2860 Apuleium,
753 2773 806 2859 qui
828 2774 964 2859 primum
985 2794 1103 2840 nomen
1126 2772 1172 2837 its
1190 2772 1334 2857 scripsit:
1357 2775 1514 2834 edomant.

335 2870 339 2878 Ι
401 2897 454 2958 hio
481 2911 546 2956 cum
582 2894 681 2954 veluto
709 2894 862 2966 mansero,
896 2891 1044 2956 ultimum
1075 2895 1249 2955 ethomme
1287 2887 1347 2970 (ci.
1376 2886 1443 2952 siit
1473 2887 1513 2951 V.

404 3031 436 3094 p.
457 3006 551 3092 XLI)
575 3027 686 3091 presse
708 3009 887 3093 sequimur,
909 3004 1082 3094 legendum
1104 3028 1178 3072 esse
1197 3005 1430 3090 intelligemus:

315 3157 318 3166 ·
446 3148 474 3190 n.
496 3130 738 3190 Athamanticum
768 3132 816 3189 vel
837 3131 1066 3190 Athumouieum
1091 3146 1119 3189 o.
1140 3132 1161 3190 t.
1182 3136 1201 3188 t.
1225 3144 1255 3186 o.
1277 3130 1315 3186 A.
1345 3126 1365 3185 i.
1387 3125 1419 3184 h.
1440 3142 1472 3200 o.
1493 3127 1511 3182 l.
1617 3127 1619 3132 “

445 3247 477 3306 in
499 3246 679 3307 Athamania
700 3264 726 3307 r.
980 3325 990 3342 Ι

486 3358 600 3424 Finem
622 3359 771 3424 sectionis
793 3379 813 3424 a
835 3359 958 3444 Silligio
979 3359 1095 3423 mirum
1114 3359 1148 3422 in
1175 3355 1304 3422 modum
1327 3361 1512 3438 corruptum

315 3483 324 3505 ‘
377 3478 501 3541 ¹Inuus
522 3473 722 3557 emendavit,
749 3496 848 3540 unum
869 3476 1093 3562 praetermisit.
1139 3473 1244 3549 Quum
1266 3468 1353 3538 enim
1376 3470 1440 3534 mei
1459 3490 1509 3532 ra-

405 3592 493 3659 dices
521 3613 542 3656 o
567 3591 757 3658 Dioscoride
792 3590 981 3680 ὑστερικαῖς
1007 3616 1045 3658 τε
1079 3593 1254 3660 διαθέσεσι
1280 3595 1338 3656 καὶ
1373 3588 1510 3673 ἄρθρων

404 3711 522 3790 πόνοις
543 3710 696 3798 prodesse
725 3710 887 3791 dicentur,
915 3716 1051 3795 apparet
1072 3708 1158 3795 apud
1178 3709 1318 3772 Plinium
1348 3726 1413 3770 non
1440 3717 1510 3788 post

404 3853 433 3896 v.
456 3836 539 3912 vitio,
560 3838 596 3896 ut
617 3831 712 3914 vulgo
733 3828 779 3910 fit,
802 3826 859 3892 sed
882 3833 955 3912 post
975 3848 1005 3890 r.
1019 3833 1233 3904 uolucrumque
1247 3825 1292 3890 sic
1311 3822 1507 3909 distinguen-

404 3945 480 4012 dum
498 3968 586 4013 esse:
947 3924 950 3931 ¹

444 4071 573 4144 lumino
594 4076 623 4127 et
638 4069 754 4130 semeae
775 4069 847 4127 citio
869 4054 1089 4138 vulvarumque,
1113 4065 1250 4124 articulis
1271 4079 1338 4123 curu
1356 4056 1508 4122 medetei.

322 4248 384 4317 445
517 4282 520 4288 ·
609 4237 881 4337 25432325.ι
899 4249 967 4340 (de
993 4246 1142 4324 feniculi
1168 4254 1294 4335 suco).

357 4379 365 4410 ''
402 4479 408 4492 .
455 4379 648 4484 Colligitur
673 4381 734 4456 hie
762 4377 870 4464 caule,
895 4357 1133 4480 turgescente
1160 4386 1196 4456 et
1224 4380 1258 4454 iu
1286 4374 1366 4454 sole
1394 4376 1506 4453 sicca-

452 4525 510 4596 tur
546 4514 834 4614 inunguiturque
887 4537 932 4588 ex
973 4511 1113 4611 tuelle35
1162 4514 1212 4602 l·
1261 4511 1397 4610 ubique
1437 4510 1503 4588 hoc

456 4660 513 4730 est
538 4646 620 4742 -l;
659 4645 934 4725 laudatissimus
959 4644 995 4720 in
1021 4645 1142 4723 iberia
1167 4669 1188 4720 e
1216 4643 1375 4736 lacrimis
1410 4643 1449 4720 fit
1470 4650 1503 4719 et
