3567 5559
645 751 737 813 aar
758 749 883 814 narn.
929 724 933 732 “
1269 751 1311 821 57
1387 825 1390 837 Ι

201 942 406 1026 adpriorem
431 943 521 1027 illam
530 944 719 1028 scripturam
731 942 993 1026 rediemnt,·neo
1015 951 1123 1009 tamen
1144 946 1222 1010 nihil
1241 946 1315 1010 falsi

198 1059 417 1146 reliquerunt.
440 1059 484 1124 la
497 1061 632 1145 primum
652 1059 782 1141 quidem
802 1062 866 1124 iam
888 1061 922 1124 in
945 1081 983 1126 eo
1004 1061 1095 1143 libro,
1117 1063 1315 1128 undencetri

200 1179 362 1263 originem
387 1177 570 1259 duxerunt,
591 1184 764 1262 peceatum
780 1198 853 1245 esee
874 1178 1017 1263 pluribus
1039 1181 1242 1264 argumentis,
1260 1181 1315 1245 de·

200 1302 420 1361 monstratur:
443 1301 551 1359 vicena
572 1295 656 1359 enim
679 1272 895 1381 habuitquem
920 1316 1086 1360 numerum
1100 1271 1272 1361 abeundum
1283 1303 1316 1364 et

199 1412 230 1474 in
248 1419 321 1477 tino
344 1402 481 1478 vectat
498 1413 685 1477 mutandum
711 1433 783 1476 esec
807 1412 1020 1478 Schneiderus
1042 1412 1083 1477 ad
1105 1412 1196 1479 Varr.
1219 1413 1260 1478 de
1280 1435 1316 1480 re

200 1537 276 1594 rust.
298 1531 324 1594 I.
349 1532 396 1598 42
419 1531 553 1596 monuit.
597 1530 699 1595 Varro
729 1530 979 1616 sesquimodium
1007 1551 1087 1616 opus
1116 1551 1188 1595 esse
1217 1532 1314 1598 tradi·

203 1646 257 1730 dit,
278 1649 471 1714 accuratius
494 1647 672 1712 Columella
692 1646 735 1711 11.
760 1647 808 1713 10.
823 1649 874 1730 27,
897 1668 991 1734 quem
1007 1647 1130 1713 Plinius
1152 1656 1315 1714 auctorem

203 1765 347 1849 sequitur
370 1773 501 1832 tantum
522 1766 585 1829 seri
607 1765 709 1846 iussit,
731 1772 777 1844 ,ut
798 1765 915 1849 singuli
936 1765 1043 1851 cyathi
1065 1767 1196 1831 seminis
1212 1768 1315 1832 locum

205 1889 447 1966 occup(er)ent
479 1883 590 1946 decem
621 1881 740 1966 pedum
777 1882 907 1967 longum
948 1889 981 1947 et
1014 1883 1153 1969 quinque
1194 1883 1315 1949 latum‘
1354 1953 1357 1968 Ι

206 1996 306 2070 Quum
332 2007 449 2065 eutem
471 2000 588 2085 singuli
609 1970 934 2090 modiilquadcagenie
957 2002 1081 2064 octonis
1095 1999 1218 2084 cyathis
1242 2021 1315 2065 con·

208 2121 297 2198 stent,
319 2137 391 2181 non
414 2118 545 2182 vicenos
567 2115 625 2182 sed
646 2116 739 2182 binos
760 2117 886 2182 modios
908 2116 1045 2181 aPlinio
1066 2118 1227 2182 numerari
1243 2139 1316 2182 con·

209 2238 400 2297 aentaneum
423 2240 482 2298 eet.
525 2233 652 2298 Deinde
681 2234 818 2298 activum
839 2240 953 2298 odorat
980 2234 1066 2320 quod
1091 2236 1125 2298 in
1154 2235 1317 2336 codicibus
1410 2241 1414 2248 '

210 2367 228 2409 a
246 2369 263 2411 e
284 2352 418 2436 legitur,
442 2335 590 2438 quodque
598 2351 824 2437 Doleoampius
847 2352 944 2416 etiam
957 2353 990 2416 in
1013 2351 1081 2419 cod.
1108 2357 1137 2422 Θ
1159 2354 1317 2438 reperisse

213 2469 369 2546 potandus
395 2476 462 2551 eet,
497 2475 584 2533 recte
606 2469 646 2533 ab
667 2469 836 2551 Harduino
864 2470 1116 2556 emendatum*)
1151 2471 1185 2534 in
1206 2471 1317 2546 arche·

212 2589 281 2665 typo
302 2588 462 2672 scriptum
482 2586 600 2668 fuisse,
632 2589 824 2671 interpolata
845 2607 924 2652 voce
946 2594 1026 2651 duro
1055 2608 1149 2672 quam
1172 2590 1199 2652 Τ
1220 2588 1241 2651 d
1263 2609 1317 2652 ex·
1394 2666 1396 2673 s

214 2696 335 2784 hibent,
381 2704 529 2769 efficitur.
571 2704 719 2790 Denique
741 2705 863 2790 aliquot
889 2706 1013 2770 litterae
1042 2705 1124 2768 inter
1151 2724 1317 2768 numerum

216 2823 245 2876 et
264 2821 457 2901 gerundium
486 2823 609 2887 mediae
642 2822 804 2886 exstitisse
834 2841 918 2907 quae
955 2829 1242 2908 seneucarerent,
1286 2827 1319 2885 et

217 2931 478 3022 interpolatorum
495 2948 534 3004 ”et
552 2939 746 3025 reliquorum
781 2945 910 3024 praeter
932 2939 962 3002 D
987 2939 1140 3003 librorum
1162 2938 1318 3002 varietate

220 3047 377 3121 indicatur.
421 3058 468 3121 Dl
490 3058 575 3120 enim
603 3055 700 3119 habet
721 3061 866 3120 coendum
886 3055 1002 3120 littoris
1033 3073 1115 3140 quac
1139 3049 1202 3146 non
1223 3054 1317 3118 intel·

221 3164 393 3250 ligabantur
413 3173 557 3254 omissis,
590 3172 637 3235 D²
658 3180 745 3238 recte
774 3178 950 3237 cavendam.
986 3151 1085 3234 ‘Haec
1113 3170 1210 3256 igitur
1234 3178 1318 3253 sunt,

224 3289 324 3364 partim
366 3292 433 3354 iam
462 3296 621 3371 correcta,
664 3290 780 3374 partim
823 3287 1014 3374 corrigenda
1055 3286 1203 3352 codicum
1225 3287 1316 3360 MSS.

223 3412 367 3492 monstra:
413 3391 522 3468 claena
552 3411 758 3470 §amovendam
779 3427 815 3488 a,
849 3412 953 3471 vicena
983 3413 1013 3469 ia
1044 3411 1220 3480 movendum
1246 3407 1316 3471 cod.

225 3512 352 3586 Turnebi
375 3524 430 3607 qui
451 3523 559 3588 nescio
581 3544 658 3587 num
680 3524 720 3587 ab
737 3522 914 3588 adivereua
927 3523 1032 3607 fuerit,
1055 3529 1154 3588 claim
1167 3529 1318 3587 vindemia

228 3637 292 3697 doro
312 3639 404 3707 codd.
426 3641 454 3703 Τ
471 3640 491 3704 d
512 3639 607 3704 foede
621 3640 814 3725 interpolati.
836 3640 874 3703 In
890 3641 1005 3726 quibus
1027 3645 1171 3704 avendum
1185 3640 1270 3727 quod
1283 3641 1317 3702 in

226 3751 284 3814 cod.
304 3755 333 3818 D
354 3764 479 3838 exstat,
510 3757 577 3822 fare
599 3758 757 3842 integrum
784 3759 978 3844 reperimus;
1010 3777 1093 3843 quae
1115 3756 1315 3842 praecedunt

228 3869 397 3938 vicendium
421 3880 491 3938 orta
512 3870 585 3938 sunt
608 3893 626 3936 e
647 3874 772 3938 mendo
786 3875 906 3940 codicis
929 3875 1094 3960 archetypi
1127 3881 1159 3936 et
1180 3872 1316 3957 primum

229 3986 451 4074 consponendo
479 3991 694 4076 corriguntur3
731 4012 805 4055 nam
839 3998 910 4056 cina
937 3993 957 4056 i.
981 4012 1008 4057 e.
1031 3996 1102 4055 tino
1138 3989 1262 4076 syllaba
1283 4011 1317 4054 ce
1390 4065 1392 4078 .

231 4095 333 4171 ineerta
355 4108 549 4192 discerptum
570 4107 640 4172 fuit.
683 4107 753 4171 Iam
768 4128 844 4173 vero
867 4129 947 4194 quas
970 4109 1016 4172 sic
1033 4107 1246 4173 nanciscimur
1267 4108 1316 4171 lit

232 4217 302 4282 ieras
316 4231 470 4288 circaeam
491 4245 510 4289 e
533 4224 657 4288 duobus
679 4224 810 4289 vocibus
833 4232 998 4307 constant,
1019 4231 1090 4290 cino
1113 4221 1170 4289 stu
1193 4227 1263 4288 bino
1285 4231 1317 4288 et

233 4348 320 4402 semen.
360 4343 473 4426 Itaque
493 4342 606 4404 ultima
626 4341 727 4405 verba
748 4346 793 4406 sic
815 4343 992 4434 constituo,
1022 4341 1233 4430 nequeenim
1262 4361 1318 4404 eur

236 4458 358 4521 neutrum
382 4478 484 4543 genus
505 4464 607 4521 modia
631 4464 718 4540 bina,
751 4459 836 4545 quod
858 4461 954 4523 ne¹in
982 4460 1075 4525 codd.
1097 4459 1124 4522 Τ
1146 4457 1167 4522 d
1188 4455 1317 4542 quidem

279 4685 307 4758 ²⁸)
322 4696 410 4749 Etiam
429 4695 454 4764 S.
474 4697 528 4751 150
546 4701 621 4750 recte
640 4698 789 4749 roboratur
805 4698 834 4749 in
857 4701 922 4749 vett.
942 4696 1018 4748 editt.
1040 4695 1151 4762 legitur.
1205 4717 1209 4726 ν
