3567 5559
660 755 749 816 Liber
770 755 879 818 XXII.
1263 751 1321 819 121

187 969 250 1013 suo
287 951 312 1014 i.
340 970 375 1014 e.
404 949 542 1014 oratoria
578 949 624 1013 ita
646 947 814 1033 dasaripsit
832 954 868 1011 nt
889 966 910 1011 a
929 946 1106 1027 minoribus
1139 947 1180 1012 ad
1201 947 1325 1012 maiora

189 1067 374 1152 gradatim
403 1066 593 1131 ascenderet
620 1085 840 1150 summamque
863 1065 978 1128 noxios
1005 1038 1223 1149 distinguendi
1246 1063 1325 1127 diffi-
1413 1067 1417 1075 '

188 1185 362 1254 cultatem
398 1188 579 1248 exemeret.
622 1185 664 1247 Et
683 1182 739 1246 illa
759 1183 896 1267 primurn
929 1180 1056 1266 quidem
1078 1181 1174 1245 aeriis
1194 1181 1325 1267 quibus·

189 1303 270 1366 dam
308 1301 410 1366 notis
439 1299 621 1373 indieauiur
653 1320 736 1384 quae
773 1300 802 1384 S.
836 1299 878 1368 92
912 1298 1093 1382 desoriptae
1130 1320 1151 1362 a
1182 1299 1326 1364 convivis
1398 1385 1402 1392 Ι

190 1438 390 1504 eorumque
422 1417 575 1480 ministris
607 1417 700 1508 faoile
728 1416 1076 1482 animadvertebantur.
1118 1415 1190 1480 Has
1222 1417 1326 1509 prima
1355 1471 1362 1487 ,

190 1536 299 1600 verba
322 1534 426 1600 brevi
446 1541 612 1620 repetunt:

240 1658 281 1718 Ut
305 1658 464 1734 diximus,
485 1658 537 1718 illa
553 1658 739 1744 pernicialia
757 1657 916 1731 probant
936 1656 1049 1734 talia,
1082 1691 1086 1700 -

194 1770 284 1855 quod
309 1790 330 1834 e
357 1768 457 1835 oodd.
486 1770 667 1856 corruptela
691 1776 848 1852 probandi
872 1775 935 1834 alia
964 1768 1204 1855 nullanegotia
1227 1769 1324 1833 effioi·

198 1893 260 1953 tur.
290 1893 391 1952 Talia
413 1887 434 1952 i.
457 1907 483 1952 e.
507 1895 603 1952 notae
624 1888 698 1952 illae
715 1887 852 1973 probant
873 1887 925 1951 vel
951 1886 1149 1970 redarguunt
1170 1886 1324 1967 pernioia-

198 2003 246 2066 les
270 2004 372 2070 eibos
398 2025 443 2068 so.
460 2003 578 2068 dilutus
595 2005 702 2087 rubor,
716 2004 865 2068 rancidus
888 2011 1040 2090 aspectus
1055 2010 1088 2067 et
1109 2002 1233 2067 similia.
1256 2004 1325 2068 Iam

203 2121 243 2185 ad
260 2143 302 2186 ea
316 2121 529 2208 progreditur
545 2143 627 2207 quae
650 2123 762 2186 domus
785 2122 927 2188 urbanae
941 2121 1100 2185 dominos*
1110 2121 1326 2208 familiamque

205 2240 399 2304 necessario
432 2239 547 2322 latent,
583 2259 622 2303 ea
644 2225 737 2324 signa
765 2239 835 2303 dieo
867 2261 951 2325 quae
976 2239 1073 2305 etiam
1096 2259 1117 2302 a
1136 2239 1326 2306 Dioscorida

205 2355 259 2419 IV.
282 2357 327 2424 83
351 2355 538 2421 indicantur
567 2356 616 2420 his
638 2339 760 2452 verbis:
804 2355 821 2443 ἢ
849 2355 913 2445 γὰρ
945 2355 1035 2442 ἥλοις
1069 2335 1326 2444 κατιώμένοιςῆ

210 2471 330 2558 ῥάκεσι
357 2463 599 2560 σεσηπόσινζ..
620 2477 870 2561 παραφύονιαι.
893 2475 1043 2559 Sequitur
1063 2474 1143 2540 haee
1165 2497 1186 2539 a
1200 2477 1327 2541 rusticis

210 2593 285 2655 solis
315 2593 366 2657 ibi
396 2598 520 2656 tantum
549 2592 604 2657 ubi
633 2592 730 2658 boleti
759 2597 975 2676 provenerunt
1003 2591 1199 2676 deprehendi
1220 2615 1326 2678 posse.

213 2707 304 2781 Quae
327 2711 435 2774 maior
462 2707 632 2773 difficultas
664 2709 917 2795 interrogatione
939 2711 1136 2795 exprimitur,
1159 2711 1249 2774 euius
1278 2712 1326 2774 vis

217 2825 356 2912 abrupta
372 2828 518 2892 oratione
534 2833 670 2912 augetur
682 2849 700 2893 ε,
712 2833 941 2908 deprehendisse
952 2835 1004 2907 qni
1024 2835 1083 2891 nisi
1103 2840 1237 2905 apresens
1254 2848 1326 2906 pos-

214 2950 303 3006 snnl?
338 2945 396 3030 qui
419 2943 480 3007 nisi
501 2964 583 3029 quae
609 2943 757 3009 viderunt
780 2952 929 3010 aeeurate
950 2947 1153 3026 nuntiarunt,
1186 2944 1326 3008 futurum

221 3066 266 3121 est
285 3068 326 3126 ut
349 3062 505 3127 convivae
526 3059 714 3124 nobilissimi
727 3062 844 3126 misere
866 3063 1023 3128 oooidant.
1066 3063 1208 3127 Tertium
1230 3063 1327 3149 idque

218 3178 396 3244 niaximum
416 3183 530 3242 restat:
567 3177 725 3264 quaedam
748 3179 832 3243 enim
853 3180 931 3244 vitia
954 3177 991 3266 (ἢ
1016 3177 1164 3267 ἑρπετῶν
1186 3182 1328 3265 φωλεοῖς

220 3297 541 3398 παραφύονται,1ιιίι
557 3294 776 3368 Diosoorides)
803 3301 869 3360 tam
889 3296 1057 3361 recondita
1077 3304 1152 3361 sunt
1173 3302 1209 3361 ut
1231 3299 1328 3362 eiiam

222 3413 355 3478 rusticos
400 3413 471 3478 illos
502 3412 536 3476 in
577 3389 648 3497 ipsd
682 3415 750 3477 solo
779 3413 914 3498 fugiant.
949 3415 1064 3498 'Atque
1092 3414 1211 3478 Plinius
1251 3416 1328 3500 quid

225 3528 386 3612 scripsisse
408 3530 570 3614 putandus
592 3530 647 3612 sit,
679 3530 769 3594 vides
793 3569 828 3578 -·
852 3531 933 3613 iam,
961 3550 1082 3616 quaeso
1104 3531 1236 3604 adverte
1258 3534 1326 3598 ani·

226 3662 305 3711 num
327 3647 405 3734 quid
428 3647 597 3730 scripserit.
621 3647 750 3711 Seilioet
770 3648 903 3712 veibum
926 3648 968 3712 ad
989 3649 1074 3734 quod
1095 3655 1328 3729 deprehendisse

227 3763 416 3846 cogitatione
439 3764 619 3849 suppletur,
652 3765 685 3827 in
714 3763 829 3828 litteris
850 3785 888 3829 ne
914 3760 1042 3844 qaidem‘
1058 3766 1139 3830 latet
1170 3779 1324 3843 nequeant.

228 3875 326 3964 Atque
360 3882 406 3946 ita
435 3880 560 3946 duabus
587 3881 700 3946 litteris
730 3888 762 3947 di
783 3883 817 3948 in
838 3896 865 3966 i,
909 3875 1060 3969 quattuor
1087 3888 1164 3946 idem
1197 3884 1229 3946 in
1257 3890 1334 3947 euni

228 3979 350 4064 mutatis
372 3998 444 4064 talis
466 3998 556 4062 loeus
576 3998 731 4084 prodibit:
761 4065 767 4076 ,
1328 3995 1336 4006 ’

269 4117 462 4196 dedidimus,
486 4121 536 4178 ilia
567 4122 745 4194 pernicialia
762 4121 897 4198 probant
917 4122 1010 4193 ialia3
1043 4123 1070 4197 si
1096 4122 1243 4196 aaliparis
1264 4126 1327 4182 ela-

268 4250 315 4296 nus
336 4271 372 4280 -
398 4238 577 4310 concoquit:
604 4237 835 4314 deprehendisse
854 4271 897 4282 —
918 4241 1084 4314 oedipum?
1115 4240 1180 4315 Ipsi
1201 4243 1263 4302 alia
1285 4245 1327 4301 ai-

267 4354 305 4412 lia
324 4361 486 4430 nequeunt:
514 4357 541 4414 si
560 4357 706 4431 serpentis
727 4350 783 4414 rel.

317 4475 364 4546 97
395 4493 422 4520 12
456 4473 575 4557 23,st
615 4468 683 4560 (de
710 4461 903 4545 arboribus
930 4471 1064 4558 noxios
1090 4471 1249 4578 fungos,
1346 4505 1429 4574 488·

633 4583 895 4683 gignentibus)

274 4733 341 4792 non
367 4717 455 4794 item
479 4717 585 4815 lego,
613 4717 764 4806 robore,
792 4740 988 4819 cupresso,
1016 4724 1055 4794 ui
1081 4717 1252 4797 diximus.
1356 4819 1360 4828 ἱ
