3567 5559
745 524 918 594 ΜΠ.
1344 532 1387 597 27

268 712 385 781 solutu
408 711 560 798 collega,
586 713 649 778 sed
675 731 762 779 auno
783 712 1015 793 DGGLXXll,
1044 712 1087 779 rle
1109 734 1174 799 quo
1195 714 1320 785 Plinius
1341 738 1385 785 ne

269 832 427 917 cogitare
447 830 583 917 quidem
604 831 720 916 potuit.
763 831 871 899 Codri.
890 841 1003 898 autem
1021 830 1105 897 Mss.
1127 852 1193 899 non
1213 833 1302 901 hunc
1323 838 1386 903 sed

268 951 425 1018 Laelium
447 948 587 1015 Bulbum
606 951 794 1030 nominant,
816 953 893 1017 dum
914 948 1118 1017 R1roora.
1142 948 1254 1017 Coelio
1272 952 1386 1035 Balbo,

270 1070 306 1135 A
328 1068 442 1135 Coelio
462 1066 587 1149 Bello,
615 1068 669 1134 R'
690 1066 730 1134 0.
750 1069 843 1135 helio
863 1066 983 1153 Balla,
1012 1068 1037 1135 S
1059 1068 1109 1133 tl.
1128 1068 1243 1134 Laelio
1268 1070 1385 1151 Balla,

270 1208 296 1253 a
321 1209 419 1251 noro
445 1186 531 1251 lollio
556 1186 641 1251 hallo
673 1188 835 1258 scribunt.
898 1187 1000 1273 Atqui
1029 1187 1070 1254 D.
1098 1186 1234 1255 Laelius
1259 1188 1385 1257 Balbus

271 1326 369 1371 anno
378 1304 618 1374 Dccxuvffl.
630 1306 806 1372 consulatu
816 1305 951 1371 functus
965 1316 1019 1372 est
1024 1329 1035 1383 3
1056 1326 1132 1371 nam
1145 1308 1234 1391 quotl
1243 1312 1275 1373 in
1285 1330 1384 1395 prae·

273 1425 409 1490 nomine
423 1424 629 1491 recentiores
650 1424 787 1491 codices
808 1434 974 1505 errarunt,
998 1446 1097 1511 quum
1110 1428 1144 1491 in
1156 1426 1383 1493 vetustissimo

274 1544 310 1610 Δ
329 1543 479 1610 neutrius
501 1544 650 1610 consulis
671 1564 877 1629 praenomen
898 1545 1128 1629 repperiatur,
1155 1542 1268 1629 colligi
1293 1542 1384 1625 licet,

270 1665 306 1730 iu
328 1662 518 1749 archetypo
544 1684 677 1749 quoque
704 1661 865 1747 scriptum
888 1660 996 1728 luisse
1021 1660 1113 1729 Iulio
1133 1660 1249 1729 Silano
1269 1662 1384 1728 Laelio

269 1780 379 1847 Bulbo
399 1802 464 1845 cos.
487 1780 615 1847 Plinius
637 1782 713 1867 ipse
733 1780 859 1846 lunium
880 1789 1007 1845 tantum
1021 1779 1171 1846 Silanum
1190 1781 1384 1862 nominavit,

270 1900 361 1965 siout
385 1898 464 1966 alibi
488 1921 623 1987 quoque
647 1920 748 1966 unum
768 1896 940 1965 consulem
962 1896 1134 1982 appellare
1153 1899 1239 1963 satis
1257 1899 1383 1966 habuit.

270 2020 322 2085 lta
333 2018 549 2089 v.c.lX.l37.
561 2018 701 2105 legimus
721 2012 1096 2102 „Gioeroneconsulc“,
1116 2014 1383 2101 XVl.ll.„Gor·

273 2136 365 2204 nelio
373 2135 481 2204 Cosso
494 2136 669 2217 consule“,
680 2137 786 2204 XXll.
799 2135 848 2203 13.
858 2133 1018 2220 „Manilio
1031 2130 1194 2200 consule“
1205 2147 1239 2201 ct
1251 2134 1382 2222 „M.ci-

278 2275 402 2321 acrone
421 2254 487 2321 lilio
507 2255 679 2322 consule“.
709 2256 904 2323 Gurautcm
923 2255 966 2321 ab
986 2253 1122 2339 antiqua
1144 2272 1244 2320 manu
1266 2254 1382 2321 Laelio

273 2374 378 2440 Balbo
397 2374 487 2441 falso
506 2374 653 2441 additum
668 2375 726 2454 sit,
747 2378 859 2443 statim
870 2374 1066 2442 videbimus.
1109 2372 1179 2438 lam
1199 2394 1282 2439 vero
1305 2395 1382 2441 oen·

271 2506 340 2561 turn
362 2503 397 2561 ct
418 2495 538 2560 ‹lecem
557 2495 655 2559 annis
676 2505 755 2561 unte
776 2494 882 2561 Silani
903 2492 1111 2561 consulatum
1132 2490 1236 2557 llieru
1256 2502 1290 2557 et
1312 2493 1381 2561 Au·

271 2624 398 2680 tomatc
417 2634 439 2679 e
459 2612 543 2679 mari
563 2611 730 2698 prodiisse
749 2625 941 2693 narrantur,
961 2615 995 2679 id
1017 2630 1151 2699 quoque
1171 2606 1269 2678 falso.
1295 2611 1381 2679 Nam

270 2751 393 2817 magno
415 2750 586 2797 consensu
607 2729 652 2801 ol.
665 2730 795 2800 CXLV.
815 2754 905 2800 anno
930 2742 1048 2819 quarto
1069 2730 1092 2795 i.
1106 2750 1135 2795 e.
1155 2740 1233 2795 anta
1251 2728 1330 2796 Chr.
1347 2750 1381 2795 n.

272 2872 303 2918 a.
316 2850 388 2915 197.
410 2871 471 2917 eas
491 2849 618 2915 insulas
638 2849 673 2916 in
692 2848 792 2916 altum
811 2850 965 2918 sublatas
981 2868 1060 2914 esse
1076 2846 1210 2910 tradunt
1223 2844 1346 2913 Strabo
1358 2849 1381 2915 l.

271 2992 305 3057 p.
319 2970 378 3049 57,
403 2969 547 3035 lustinus
568 2967 729 3046 xxx.4,
759 2965 960 3031 Plutarchus
995 2965 1038 3030 ‹le
1065 2961 1206 3049 Pythiae
1238 2963 1383 3031 oraculis
1476 3015 1479 3027 .

275 3109 310 3174 p.
327 3086 401 3151 399.
426 3099 522 3175 atque
548 3086 715 3151 Eusebius
741 3084 775 3147 in
802 3082 980 3163 chronico,
1022 3102 1141 3149 omnes
1169 3080 1382 3149 Posidonium

272 3204 392 3283 secuti,
412 3226 509 3291 quem
519 3202 914 3278 SenecaNat.Qu.ll.2li
935 3213 1109 3269 auctorem
1123 3202 1214 3283 citat,
1237 3212 1271 3270 et
1283 3224 1381 3291 quem

270 3323 400 3389 Plinius
420 3325 496 3411 ipse
510 3336 587 3390 ante
600 3321 857 3414 ocploshabuit.
888 3324 997 3409 Atque
1018 3322 1106 3388 huno
1127 3323 1236 3409 ipsum
1259 3344 1403 3411 annum,

267 3441 336 3508 levi
358 3444 573 3510 correctione
594 3442 685 3528 apud
708 3462 782 3507 eum
810 3442 920 3509 alieno
948 3462 1051 3523 sane,
1079 3453 1116 3508 ut
1138 3464 1226 3509 nunc
1248 3444 1381 3531 quidem

267 3561 419 3639 violetur,
449 3558 526 3627 loco
550 3560 729 3627 restituere
755 3559 845 3629 licet.
907 3561 1025 3627 Codex
1046 3562 1133 3626 enim
1154 3560 1207 3640 A,
1236 3562 1380 3628 omnium

268 3682 417 3765 optimus
443 3691 478 3745 et
496 3680 752 3766 vetustissimus,
779 3678 870 3745 initio
892 3680 1053 3745 enuntiati
1078 3700 1145 3744 non
1168 3682 1257 3766 quod
1278 3682 1380 3768 vulgo

268 3796 391 3885 legitur
412 3796 584 3865 CXXXV.
610 3798 762 3880 exhibet,
793 3798 856 3863 sed
881 3796 1072 3884 olympiadis
1101 3806 1233 3861 centum
1260 3799 1381 3866 xm.

276 3957 362 3999 anuo
387 3944 522 4030 quanm
558 3955 717 4001 numeros
747 3945 858 4000 autem
886 3932 936 3995 ΙΙ
955 3943 989 3997 et
1012 3942 1036 3991 u
1068 3932 1267 4016 saepissime
1296 3935 1383 4005 inter

272 4074 312 4121 se
338 4054 523 4140 permutari
551 4064 666 4119 notum
696 4063 758 4118 est.
810 4052 964 4139 Apparet
993 4050 1092 4137 igitur
1124 4050 1263 4139 reliquis
1289 4054 1383 4124 libris

270 4175 444 4239 denarium
465 4194 637 4239 numerum
659 4172 848 4238 addendum
869 4192 959 4239 esse.
1006 4170 1117 4258 Atque
1143 4172 1195 4239 sic
1214 4172 1280 4241 iam
1302 4196 1383 4242 eva·

270 4293 379 4359 nescit
401 4302 586 4358 monstrum
607 4292 687 4359 illud
709 4291 847 4372 erroris,
869 4313 966 4379 quem
988 4293 1125 4367 aPlinio
1146 4296 1302 4361 committi
1325 4315 1382 4379 po-

269 4412 377 4478 tuisse
399 4430 634 4500 pernegamus.
684 4409 852 4478 Fabuloso
873 4412 961 4477 enim
982 4431 1068 4479 aero
1091 4411 1236 4480 Theram
1259 4410 1383 4479 emori

271 4530 441 4617 prodiisse
461 4528 551 4599 inira
572 4530 629 4597 lv.
642 4528 692 4597 ⁷0.
718 4529 771 4598 his
792 4529 906 4599 verbis
934 4550 1009 4597 oum
1029 4542 1147 4598 nostro
1169 4531 1246 4599 loco
1268 4532 1382 4597 conci·
