3567 5559
441 563 502 629 lte
903 559 1004 626 Liber
1027 557 1091 634 Vl.

489 748 527 822 in
544 756 664 824 totum
678 750 917 823 absumantur
931 747 1094 846 nihilque
1116 746 1314 824 adnotetur
1333 747 1432 822 aliud
1455 747 1557 824 novi.

490 882 623 957 ncll
648 882 736 956 mil.
762 907 799 981 p.
827 881 1080 957 intervallo
1115 906 1136 955 a
1165 882 1460 958 Ptolemaide
1492 907 1557 958 res

490 1017 649 1118 ingentis
687 1015 848 1115 exempli
879 1018 1060 1114 locusque
1092 1016 1303 1092 subtilitatis
1336 1018 1555 1113 immensae,

491 1153 627 1230 mundo
649 1151 701 1228 ibi
722 1151 929 1251 deprenso,
964 1179 1047 1228 oum
1075 1152 1279 1229 indubitata
1303 1153 1447 1228 ratione
1474 1179 1554 1230 um-

355 1311 359 1317 ·
489 1293 639 1365 brorum
675 1287 948 1365 Eratosthenes
988 1312 1197 1364 mensuram
1230 1297 1354 1363 terrae
1391 1290 1555 1390 prodere

490 1424 576 1500 inde
599 1421 779 1522 eoeperit.

522 1593 666 1658 Diversa
688 1591 731 1656 de
750 1589 917 1656 Berenice
938 1599 972 1654 et
995 1589 1199 1656 Ptolemaide
1231 1590 1317 1656 tradi
1341 1591 1552 1660 menifestum

438 1723 501 1793 est,
524 1731 636 1796 neque
654 1711 690 1774 id
713 1719 853 1794 propter
881 1727 1037 1791 magnum
1058 1709 1146 1772 inter
1168 1717 1342 1794 utramque
1364 1712 1479 1777 urbem
1501 1714 1552 1777 in-

437 1831 610 1898 tervallum
636 1829 733 1895 aliter
761 1827 835 1893 lieri
862 1827 980 1911 potuit.
1029 1827 1064 1890 ln
1088 1826 1193 1893 altero
1216 1831 1301 1893 enim
1331 1829 1455 1928 oppido
1477 1831 1552 1915 ipso

438 1961 564 2016 tantum
585 1947 718 2014 solstitii
741 1947 794 2012 die
816 1947 1000 2012 meridiano
1022 1957 1173 2031 tempore
1200 1949 1338 2012 umbrae
1359 1968 1427 2012 non
1450 1970 1551 2035 appa.

436 2071 568 2146 rebant,
587 2068 620 2131 in
643 2066 750 2131 altero
773 2063 980 2148 permultos
1003 2064 1089 2142 dies,
1110 2085 1210 2150 quoru
1232 2066 1265 2130 in
1276 2065 1442 2132 Berenice
1456 2089 1551 2153 pree-

437 2198 490 2251 ter
511 2187 597 2250 diem
621 2181 752 2249 solstitii
774 2180 854 2246 nihil
876 2181 955 2246 novi
977 2181 1113 2247 evenire
1134 2193 1321 2246 annotetur.
1367 2183 1467 2257 Quod
1492 2207 1551 2252 au-

438 2317 503 2366 tern
527 2301 771 2365 Eratosthenes
800 2301 956 2372 mundum
986 2300 1255 2384 deprehendisse
1286 2301 1410 2388 fertur,
1446 2307 1479 2370 id
1510 2309 1551 2372 de

435 2420 501 2483 hae
527 2420 629 2498 urbe,
658 2437 768 2502 neque
794 2438 876 2482 vero
906 2419 948 2482 de
972 2417 1179 2486 Ptolemaide
1201 2421 1313 2486 valete
1338 2431 1439 2507 etque
1461 2421 1549 2488 illam

436 2535 525 2601 DCll
539 2534 604 2600 mil.
619 2559 653 2621 p.·
670 2533 845 2601 intervallo
861 2555 883 2599 a
899 2534 1106 2600 Ptolemaide
1132 2538 1238 2602 dirimi
1260 2537 1418 2619 traditur,
1440 2539 1475 2606 id
1498 2554 1551 2608 est

436 2657 554 2723 stadiis
581 2665 723 2742 quatuor
745 2654 874 2719 milibus
895 2651 1105 2735 DCCCXX,
1136 2658 1223 2722 siout
1247 2656 1375 2725 11183.
1398 2661 1550 2724 traditur.

435 2778 590 2861 Apparet
610 2776 711 2861 igitur
728 2773 764 2839 h.
783 2772 804 2839 l.
826 2771 925 2839 aliter
950 2772 1250 2859 interpungendum
1272 2795 1368 2862 esse,
1398 2787 1434 2842 ut
1455 2790 1550 2844 reete

435 2894 503 2959 hoo
525 2894 624 2961 modo
647 2892 813 2978 procedat
835 2892 962 2956 oratio:

478 3087 521 3101 -
542 3049 632 3126 novi,
653 3043 767 3113 1101!
785 3043 851 3109 mit.
872 3067 904 3131 p.
932 3041 1105 3107 interuallo
1134 3064 1156 3104 u
1177 3043 1393 3110 Ptolemaide:
1422 3068 1476 3111 rea
1496 3049 1549 3111 io·

476 3167 583 3256 prolia
604 3161 745 3248 exempli
768 3159 827 3226 rel.
904 3183 911 3188 ·

356 3353 419 3418 lta
856 3326 1140 3403 172=ibidem

486 3480 589 3560 Hinc
623 3475 804 3554 Azanium
835 3501 957 3571 mare,
987 3478 1281 3578 promontorium
1307 3483 1408 3583 quod
1437 3484 1548 3586 aliqui

486 3614 731 3716 Hispalum
758 3608 958 3709 scripsere.

517 3764 699 3854 Hippalum
719 3762 809 3828 haud
833 3762 932 3828 dubie
957 3783 978 3828 a
1000 3763 1258 3849 prudentissimo
1280 3771 1498 3857 navigatore,
1526 3794 1547 3838 u

401 3915 404 3920 ·
433 3911 499 3976 quo
523 3889 622 3956 etiem
645 3907 737 3953 mare
758 3885 901 3951 vicinum
926 3903 1111 3970 cognomen
1134 3887 1277 3971 aceepit.

354 4097 416 4163 ua
497 4133 500 4138 -
630 4031 632 4036 ’
842 4085 1130 4164 1rr=nraen

482 4234 584 4336 Quin
605 4247 644 4309 et
669 4237 814 4312 accolas
835 4234 912 4311 Nih
933 4260 955 4310 a
979 4238 1107 4337 Syene
1132 4265 1206 4318 non
1226 4244 1454 4346 Aethiopum
1476 4273 1541 4348 po

479 4370 587 4472 pulos
618 4369 687 4444 sed
718 4371 883 4448 Arabum
911 4394 996 4446 esse
1025 4371 1115 4447 dicit
1146 4376 1289 4480 (Iuba)
1318 4406 1438 4482 usque
1461 4384 1541 4460 nte-

474 4531 589 4601 roen3
625 4504 724 4582 Solis
759 4531 907 4608 quoque
937 4506 1133 4610 oppidum,
1176 4515 1275 4614 quod
1304 4542 1379 4598 non
1406 4522 1540 4621 procul
