3567 5559
679 778 771 848 Liber
781 778 939 848 unuin.
1298 777 1357 846 171

204 979 336 1064 qnitnr
353 981 541 1065 genetivus
563 997 624 1045 ar.
646 981 747 1062 ,einis‘
767 986 860 1065 aptos
882 994 964 1061 esse,
986 985 1059 1063 post
1078 995 1105 1041 v.
1124 981 1231 1055 equino
1251 981 1359 1040 sutem

204 1119 239 1161 v.
265 1112 448 1175 ponere
469 1098 636 1163 excidisse.
658 1087 809 1162 Getarum
831 1098 930 1161 rerba
951 1101 1146 1174 efficacior-
1160 1106 1246 1158 aceto
1266 1093 1358 1156 unals
1408 1189 1414 1202 ι

205 1211 448 1280 includenda
475 1221 569 1297 sunt,
596 1221 670 1300 post
695 1236 725 1279 v.
746 1221 837 1281 illitus
862 1215 977 1280 minari
999 1210 1244 1299 interpungendi
1266 1210 1358 1294 signo

207 1333 352 1417 posito.
367 1352 371 1356 ·

1298 1416 1441 1513 '632

680 1540 752 1612 243
765 1567 811 1598 =
827 1539 945 1627 mus.

273 1667 493 1744 Feminam
519 1667 623 1745 vituli
650 1669 742 1746 sinis
768 1669 919 1747 sordida
945 1666 1071 1744 ulcera
1096 1709 1139 1722 -
1169 1671 1286 1742 sanat.

316 1801 509 1866 Marcellus
531 1803 623 1887 Emp.
646 1823 673 1866 e.
695 1801 738 1866 lV
767 1801 905 1885 ,Ultera‘
934 1800 1052 1888 inquit,
1082 1819 1175 1886 ,quae
1196 1796 1360 1863 sordidata
1450 1871 1452 1876 ¹

221 1925 309 1982 sunt
321 1907 358 1999 ,”
369 1919 443 1984 fimi
466 1905 589 1984 vitulini
609 1921 714 1985 ninere
736 1958 777 1970 -
798 1923 994 2006 purgentur‘.
1037 1918 1150 2004 ltaque
1174 1936 1192 1980 e
1212 1914 1357 1980 codicum

223 2033 332 2102 MSS.
359 2035 514 2124 vestigiis
538 2039 728 2124 (fanininam
747 2037 778 2100 V
799 2043 912 2103 vitulini
933 2035 1012 2121 RV)
1046 2034 1226 2100 necessario
1248 2031 1357 2118 legen·

224 2151 312 2218 dum
341 2162 418 2220 est:

275 2275 389 2336 Fimi
410 2268 564 2338 vitulini
584 2280 669 2339 cinis.
1379 2283 1440 2352 633

692 2479 765 2552 244
786 2505 820 2536 =
836 2479 955 2565 1855.

288 2603 475 2684 Scabiem
487 2605 645 2685 hominis
656 2608 820 2695 asininae
836 2605 1021 2684 medullae
1035 2606 1192 2683 maxime
1207 2602 1357 2682 abolent

285 2746 333 2815 ei
363 2739 490 2818 urinae
519 2741 686 2819 eiusdem
714 2766 797 2820 eum
824 2767 893 2822 suo
921 2742 998 2819 luto
1022 2740 1146 2817 illitae.

331 2873 456 2938 lterum
479 2876 641 2939 urinarum
663 2875 765 2940 lutum
785 2876 988 2963 purgandum
1010 2875 1079 2956 erit,
1101 2873 1197 2957 idque
1208 2869 1358 2935 facillime
1442 2894 1445 2900 ·
1554 2915 1562 2929 .

243 2982 301 3054 liet
330 2991 385 3055 his
413 2991 451 3067 Q.
476 2992 588 3057 Sereni
614 2993 759 3059 versibus
796 3015 876 3081 qnos
904 2992 1005 3059 Hard.
1038 2991 1145 3056 attulit
1172 2987 1357 3074 diligentius

248 3107 479 3173 consideratis:
522 3109 618 3196 ,Ergo
641 3112 743 3175 lutum
761 3112 893 3198 prodest
914 3110 1064 3180 membris
1092 3107 1244 3173 adhibere
1265 3101 1357 3170 fries-

250 3224 307 3306 tis,
338 3226 435 3302 Quod
462 3226 540 3292 facit
575 3249 615 3292 ex
644 3229 734 3293 asino
762 3236 909 3294 sancatus
947 3229 1089 3316 eorporis
1123 3225 1247 3290 humor.
1289 3219 1358 3288 Nee

250 3342 375 3424 pudeat
397 3351 535 3410 tractare
555 3346 665 3410 fimum
688 3346 774 3432 quod
795 3347 907 3413 sucula
927 3345 1028 3411 fudii‘.
1072 3343 1157 3419 Quid
1177 3343 1274 3430 igitur
1294 3340 1357 3408 Pli-

183 3527 189 3544 ι
252 3458 323 3524 nius
339 3464 545 3545 praecepisse
560 3462 721 3544 putandus
735 3470 795 3547 est,
816 3465 878 3528 nisi
895 3462 1004 3529 idem?
1025 3463 1130 3548 Lege:
1153 3484 1221 3527 cum
1240 3468 1357 3527 suillo
1392 3485 1395 3491 ·

251 3580 311 3640 lueto
334 3583 438 3642 illitae.

336 3713 365 3797 ᾖ.
375 3709 436 3780 249
459 3720 588 3792 coaqalo
601 3714 728 3781 codiees
743 3737 863 3794 omnes,
885 3723 1031 3794 sanquine
1048 3715 1079 3798 d,
1102 3735 1185 3800 quae
1200 3719 1359 3790 structura

257 3845 351 3912 quum
375 3837 411 3894 ut
430 3829 568 3896 fortasse
589 3830 690 3898 rarior
711 3853 776 3897 non
793 3819 923 3898 insolita
944 3840 1052 3899 tamen
1075 3832 1116 3896 sit
1140 3831 1198 3908 (ef.
1221 3832 1250 3914 ξ.
1263 3827 1357 3913 257),

256 3949 363 4012 neseio
397 3949 507 4033 quidni
539 3968 613 4013 eum
640 3941 720 4014 Iano
749 3948 900 4016 librorum
929 3947 1021 4015 MSS.
1055 3948 1277 4046 auamritutem
1307 3968 1356 4014 se·

257 4081 396 4146 quamur.

634 4236 706 4309 263
733 4255 787 4332 sq·
804 4264 837 4293 =
856 4237 977 4325 20‚81.
1377 4268 1439 4337 534

302 4362 450 4438 Mira-
467 4365 659 4441 traduntur
684 4365 721 4440 in
750 4364 883 4442 iisdem
910 4361 1162 4443 animalibus,
1192 4423 1201 4442 .
1229 4423 1237 4442 .
1266 4365 1357 4442 Ani-

300 4492 449 4570 malium
476 4519 566 4572 vem
592 4497 813 4575 medicinas:
840 4499 870 4573 si
900 4499 1053 4597 sanguis
1077 4497 1141 4574 rel.

332 4633 482 4692 medicina
502 4628 557 4695 R¹.
579 4635 707 4694 medicine
727 4629 767 4694 V.
790 4630 1017 4694 Aenusetivum
1030 4631 1127 4694 lanus
1146 4631 1194 4694 ita
1214 4627 1358 4694 defendit
1486 4687 1491 4698 .

223 4782 225 4790 ι
258 4751 287 4808 ut
311 4765 384 4810 eum
413 4745 558 4831 proximo
588 4747 752 4834 superiore
781 4765 879 4812 sensu
911 4745 1067 4834 ‚adeoque
1094 4745 1173 4813 nihil
1203 4745 1356 4814 ommsuxu
