3567 5559
663 553 764 620 atter
786 553 885 622 m.
1277 551 1339 622 lta

208 739 423 823 scripturam
436 737 566 804 amaa
584 758 684 826 quam
698 760 718 806 e
731 740 905 806 codicibus
927 738 1114 806 Salmasius
1128 739 1231 826 pta?
1242 739 1280 809 B.
1303 741 1335 808 iu

208 853 541 942 loaitutismutavit,
551 858 696 937 retinuit,
707 857 749 924 V.
758 856 798 923 D.
812 856 970 924 assentiri
981 875 1124 940 nequeo.
1152 856 1334 926 Manifesta

208 975 294 1038 euim
316 993 393 1038 non
412 973 556 1041 claritas
576 973 726 1054 bonitati,
745 976 808 1040 sed
827 995 917 1040 anno
937 992 1046 1060 genus
1067 974 1263 1058 opponitur,
1286 977 1334 1040 its

206 1102 241 1154 ut
261 1111 367 1177 qaum
390 1091 521 1159 nullam
539 1112 647 1178 genus
669 1105 806 1179 praeter
828 1100 888 1173 ea,
920 1094 1101 1180 dequibus
1124 1092 1334 1162 disseruerat
1367 1130 1370 1135 ·

206 1205 343 1293 Plinius,
367 1209 505 1275 clarum
525 1210 752 1296 perhibeatur,
772 1231 891 1294 annus,
907 1232 972 1299 quo
989 1211 1143 1296 Opimius
1157 1210 1332 1277 consulatu

208 1325 342 1393 iunctm
366 1339 440 1413 est,
461 1329 876 1417 clarissimusappelletur.
905 1332 1022 1419 ltaque
1043 1351 1062 1396 e
1084 1331 1222 1396 bonitati
1241 1333 1331 1419 quod

207 1445 239 1509 ia
252 1445 352 1510 roda.
369 1448 425 1511 od
443 1447 620 1532 reperitur,
635 1446 813 1513 ablativum
828 1447 966 1519 efficere
978 1460 1123 1536 oportet,
1146 1469 1212 1535 quo
1226 1445 1330 1515 causa

209 1584 266 1628 cur
278 1584 396 1630 annus
412 1563 529 1632 clarus
542 1565 654 1640 fuerit,
673 1566 892 1632 contineatur.
914 1567 1136 1632 Scribendum
1149 1577 1203 1632 est
1213 1559 1328 1654 igitur:

249 1723 290 1737 -
307 1683 455 1749 claritas
473 1687 589 1773 penori
607 1707 674 1749 aaa
694 1681 760 1772 fait
782 1685 893 1767 alicui,
918 1707 1005 1750 aaran
1026 1681 1093 1771 fucit
1113 1687 1257 1750 omnium
1276 1709 1328 1775 pe·

248 1822 368 1866 ueram
389 1801 574 1868 bonitale
595 1803 656 1870 rel.

671 1989 719 2064 62
733 2020 773 2058 =
786 1991 810 2064 6
836 1989 873 2066 8.

261 2128 464 2208 Exolescit
483 2132 555 2207 boo
575 2153 723 2233 quoque
745 2048 876 2229 copiae
898 2127 1020 2228 potius
1042 2151 1151 2230 quam
1175 2131 1328 2208 bonitati
1343 2015 1407 2082 ²³⁶

261 2269 528 2346 studentium.
721 2364 726 2376 ι

292 2401 407 2470 Reate
438 2402 586 2488 Silligius
610 2422 730 2470 vooem
758 2403 902 2467 ultimam
938 2399 1099 2486 explicari
1127 2423 1204 2468 non·
1221 2424 1326 2488 posse

223 2521 394 2602 contendit,
416 2533 626 2609 quapropter
648 2539 723 2586 eum
743 2519 962 2604 Daleeumpio
985 2517 1080 2605 calpa
1101 2521 1212 2606 copiae
1232 2521 1323 2606 legit.

225 2637 283 2704 set
300 2641 438 2709 iauilias
457 2642 633 2726 Ioniusque
652 2641 821 2707 scribetur
838 2636 1052 2703 studentibus.
1085 2639 1122 2702 ln
1138 2636 1324 2724 archetypo

225 2756 298 2821 enim
311 2749 549 2838 avarus-mum
570 2759 671 2826 solite
682 2738 866 2824 litterarum
887 2767 951 2822 set
970 2779 987 2818 v
1010 2757 1253 2841 permutatione
1272 2756 1324 2822 ia-

226 2883 302 2940 etum
321 2879 456 2946 videtur
478 2863 635 2944 transuta.

638 3027 902 3105 72=ibidem
978 3079 980 3084 .
1118 3114 1122 3120 ⁴
1340 3055 1402 3122 237

271 3185 525 3288 —dequibus
544 3207 747 3261 consensus
761 3179 844 3256 aevi
868 3164 1203 3284 iudicaverint,
1231 3183 1324 3259 haee

270 3330 362 3398 tunt.
477 3339 481 3345 '

301 3453 405 3524 Unius
429 3456 504 3524 aevi
522 3477 609 3522 uuus
630 3475 819 3522 consensus
842 3465 913 3520 est:
933 3454 1047 3540 itaque
1064 3450 1241 3540 legendum
1262 3457 1322 3520 iu·

234 3563 425 3641 dicaverit.
448 3576 605 3643 Ceterum
617 3598 705 3664 quae
717 3576 890 3662 praeeedit
907 3575 1069 3655 narratio,
1083 3595 1105 3641 a
1118 3576 1245 3665 siligio
1256 3598 1325 3645 uon

236 3680 391 3772 intellecta,
413 3695 460 3759 ita
478 3703 531 3760 est
544 3694 756 3778 explicanda.
784 3684 942 3760 Libertus
959 3695 1013 3781 qui
1026 3693 1325 3783 palatumAugusti

236 3806 348 3879 lenitus
365 3822 498 3892 nosset,
517 3812 640 3896 hospiti
663 3811 762 3887 dixit,
782 3810 845 3875 sibi
869 3811 1002 3895 quidem
1022 3811 1132 3876 vinum
1154 3815 1243 3896 quod
1266 3833 1323 3878 ex·

237 3913 407 4009 bibebatur,
435 3951 559 3994 novam
581 3941 615 3993 et
635 3926 780 4013 ignobile
800 3927 924 4006 videri,
946 3929 1007 3993 sed
1032 3927 1191 3993 Caesaris
1214 3931 1324 4014 gustui

241 4047 292 4103 itm
312 4046 591 4114 accommodatum
614 4056 650 4111 ut
676 4043 732 4111 ille
752 4064 821 4110 noa
843 4041 931 4110 alind
953 4055 1093 4129 poturus
1116 4058 1219 4113 esset.
1266 4125 1280 4152 ,

368 4237 387 4278 0
640 4213 897 4307 86=1o,12.
1340 4250 1403 4316 23,

282 4355 363 4440 'l'ria
390 4393 520 4443 eorum
545 4392 702 4468 generat
740 4364 883 4440 decime
912 4377 1018 4467 parte
1051 4393 1168 4468 aquae
1200 4369 1325 4446 addita

284 4519 366 4594 quaa
390 4504 502 4583 musti
527 4528 708 4606 expressa
733 4503 782 4579 sit
812 4514 851 4578 et
879 4503 932 4578 ita
957 4514 1067 4580 nocte
1094 4531 1137 4582 ao
1163 4505 1225 4580 die
1250 4527 1323 4580 ma-

288 4630 427 4720 laturas
444 4642 610 4725 musteis
638 4667 844 4742 mnusque
873 4643 979 4741 prelo
1006 4638 1204 4734 subiectis3
1237 4638 1325 4714 alte-
