<?xml version="1.0" encoding="UTF-8"?>
<!DOCTYPE html PUBLIC "-//W3C//DTD XHTML 1.0 Transitional//EN"
    "http://www.w3.org/TR/xhtml1/DTD/xhtml1-transitional.dtd">
<html xmlns="http://www.w3.org/1999/xhtml" xml:lang="en" lang="en">
 <head>
  <title>
</title>
<meta http-equiv="Content-Type" content="text/html;charset=utf-8" />
  <meta name='ocr-system' content='tesseract 3.04.00' />
  <meta name='ocr-capabilities' content='ocr_page ocr_carea ocr_par ocr_line ocrx_word'/>
</head>
<body>
  <div class='ocr_page' id='page_1' title='image "./vindiciaeplinia00urligoog_0121.png"; bbox 0 0 3567 5559; ppageno 0'>
   <div class='ocr_carea' id='block_1_1' title="bbox 705 544 1361 614">
    <p class='ocr_par' dir='ltr' id='par_1_1' title="bbox 705 544 1361 614">
     <span class='ocr_line' id='line_1_1' title="bbox 705 544 1361 614; baseline 0.006 -4"><span class='ocrx_word' id='word_1_1' title='bbox 705 544 809 610; x_wconf 71' lang='lat' dir='ltr'><strong>ruer</strong></span> <span class='ocrx_word' id='word_1_2' title='bbox 831 546 895 612; x_wconf 78' lang='lat' dir='ltr'><strong>Vr.</strong></span> <span class='ocrx_word' id='word_1_3' title='bbox 1101 585 1104 590; x_wconf 93' lang='lat'>·</span> <span class='ocrx_word' id='word_1_4' title='bbox 1298 548 1361 614; x_wconf 95' lang='grc'><strong>113</strong></span> 
     </span>
    </p>
   </div>
   <div class='ocr_carea' id='block_1_2' title="bbox 230 729 1360 2475">
    <p class='ocr_par' dir='ltr' id='par_1_2' title="bbox 230 729 1360 2475">
     <span class='ocr_line' id='line_1_2' title="bbox 240 729 1360 817; baseline 0.002 -21"><span class='ocrx_word' id='word_1_5' title='bbox 240 741 303 796; x_wconf 86' lang='lat' dir='ltr'><strong>est.</strong></span> <span class='ocrx_word' id='word_1_6' title='bbox 350 731 521 796; x_wconf 80' lang='lat' dir='ltr'><strong>Susianae</strong></span> <span class='ocrx_word' id='word_1_7' title='bbox 543 729 630 794; x_wconf 92' lang='lat' dir='ltr'><strong>enim</strong></span> <span class='ocrx_word' id='word_1_8' title='bbox 652 750 745 796; x_wconf 89' lang='lat' dir='ltr'><strong>oram</strong></span> <span class='ocrx_word' id='word_1_9' title='bbox 765 751 829 816; x_wconf 84' lang='lat' dir='ltr'><strong>per</strong></span> <span class='ocrx_word' id='word_1_10' title='bbox 848 732 939 798; x_wconf 82' lang='lat' dir='ltr'><strong>vada</strong></span> <span class='ocrx_word' id='word_1_11' title='bbox 958 741 992 796; x_wconf 92' lang='lat' dir='ltr'><strong>et</strong></span> <span class='ocrx_word' id='word_1_12' title='bbox 1007 729 1147 816; x_wconf 86' lang='lat' dir='ltr'><strong>paludes</strong></span> <span class='ocrx_word' id='word_1_13' title='bbox 1166 743 1360 817; x_wconf 83' lang='lat' dir='ltr'><strong>praeterna-</strong></span> 
     </span>
     <span class='ocr_line' id='line_1_3' title="bbox 236 845 1360 935; baseline 0.002 -21"><span class='ocrx_word' id='word_1_14' title='bbox 236 850 369 935; x_wconf 78' lang='lat' dir='ltr'><strong>vigavit</strong></span> <span class='ocrx_word' id='word_1_15' title='bbox 391 847 589 931; x_wconf 76' lang='lat' dir='ltr'><strong>Nearchus,</strong></span> <span class='ocrx_word' id='word_1_16' title='bbox 619 845 664 914; x_wconf 88' lang='lat' dir='ltr'><strong>cf.</strong></span> <span class='ocrx_word' id='word_1_17' title='bbox 686 848 823 912; x_wconf 89' lang='lat' dir='ltr'><strong>Arriau.</strong></span> <span class='ocrx_word' id='word_1_18' title='bbox 840 849 911 914; x_wconf 86' lang='lat' dir='ltr'><strong>lnd.</strong></span> <span class='ocrx_word' id='word_1_19' title='bbox 929 849 991 926; x_wconf 87' lang='grc'><strong>41,</strong></span> <span class='ocrx_word' id='word_1_20' title='bbox 1014 849 1126 912; x_wconf 85' lang='lat' dir='ltr'><strong>Strah.</strong></span> <span class='ocrx_word' id='word_1_21' title='bbox 1144 849 1221 914; x_wconf 86' lang='lat' dir='ltr'><strong>XV.</strong></span> <span class='ocrx_word' id='word_1_22' title='bbox 1240 873 1273 934; x_wconf 90' lang='lat' dir='ltr'><strong>p.</strong></span> <span class='ocrx_word' id='word_1_23' title='bbox 1286 851 1360 932; x_wconf 75' lang='lat'><strong>729,</strong></span> 
     </span>
     <span class='ocr_line' id='line_1_4' title="bbox 235 966 1360 1054; baseline 0.002 -21"><span class='ocrx_word' id='word_1_24' title='bbox 235 980 271 1033; x_wconf 91' lang='lat' dir='ltr'><strong>et</strong></span> <span class='ocrx_word' id='word_1_25' title='bbox 294 969 341 1032; x_wconf 92' lang='lat' dir='ltr'><strong>ibi</strong></span> <span class='ocrx_word' id='word_1_26' title='bbox 366 988 387 1031; x_wconf 92' lang='lat' dir='ltr'><strong>a</strong></span> <span class='ocrx_word' id='word_1_27' title='bbox 402 967 595 1031; x_wconf 81' lang='lat' dir='ltr'><strong>Ptolemaeo</strong></span> <span class='ocrx_word' id='word_1_28' title='bbox 607 966 664 1052; x_wconf 82' lang='lat' dir='ltr'><strong>Vl.</strong></span> <span class='ocrx_word' id='word_1_29' title='bbox 676 966 707 1034; x_wconf 88' lang='grc'><strong>3.</strong></span> <span class='ocrx_word' id='word_1_30' title='bbox 719 967 750 1033; x_wconf 79' lang='lat'><strong>2.</strong></span> <span class='ocrx_word' id='word_1_31' title='bbox 770 969 961 1032; x_wconf 89' lang='lat' dir='ltr'><strong>nominatur</strong></span> <span class='ocrx_word' id='word_1_32' title='bbox 981 967 1128 1054; x_wconf 73' lang='grc' dir='ltr'><em>Τέυωγος</em></span> <span class='ocrx_word' id='word_1_33' title='bbox 1143 967 1305 1054; x_wconf 74' lang='grc' dir='ltr'><strong>Ἀμμῶδες</strong></span> <span class='ocrx_word' id='word_1_34' title='bbox 1324 982 1360 1035; x_wconf 89' lang='lat' dir='ltr'><strong>et</strong></span> 
     </span>
     <span class='ocr_line' id='line_1_5' title="bbox 235 1085 1359 1173; baseline 0.004 -23"><span class='ocrx_word' id='word_1_35' title='bbox 235 1085 393 1166; x_wconf 64' lang='lat' dir='ltr'><strong>natoliae</strong></span> <span class='ocrx_word' id='word_1_36' title='bbox 413 1085 544 1162; x_wconf 77' lang='grc' dir='ltr'><strong>κόλπος.</strong></span> <span class='ocrx_word' id='word_1_37' title='bbox 595 1086 707 1173; x_wconf 85' lang='lat' dir='ltr'><strong>Atque</strong></span> <span class='ocrx_word' id='word_1_38' title='bbox 729 1087 889 1153; x_wconf 81' lang='lat' dir='ltr'><strong>Arabiam</strong></span> <span class='ocrx_word' id='word_1_39' title='bbox 915 1109 1036 1154; x_wconf 88' lang='lat' dir='ltr'><strong>versus</strong></span> <span class='ocrx_word' id='word_1_40' title='bbox 1066 1086 1258 1171; x_wconf 81' lang='lat' dir='ltr'><strong>Euphrates</strong></span> <span class='ocrx_word' id='word_1_41' title='bbox 1284 1091 1359 1173; x_wconf 87' lang='lat' dir='ltr'><strong>ipse</strong></span> 
     </span>
     <span class='ocr_line' id='line_1_6' title="bbox 234 1203 1359 1273; baseline 0.003 -4"><span class='ocrx_word' id='word_1_42' title='bbox 234 1216 271 1270; x_wconf 88' lang='lat' dir='ltr'><strong>et</strong></span> <span class='ocrx_word' id='word_1_43' title='bbox 292 1203 433 1269; x_wconf 88' lang='lat' dir='ltr'><strong>flumina</strong></span> <span class='ocrx_word' id='word_1_44' title='bbox 462 1226 538 1269; x_wconf 91' lang='lat' dir='ltr'><strong>cum</strong></span> <span class='ocrx_word' id='word_1_45' title='bbox 569 1225 611 1270; x_wconf 89' lang='lat' dir='ltr'><strong>eo</strong></span> <span class='ocrx_word' id='word_1_46' title='bbox 638 1209 815 1272; x_wconf 90' lang='lat' dir='ltr'><strong>coniuncta</strong></span> <span class='ocrx_word' id='word_1_47' title='bbox 844 1205 897 1273; x_wconf 86' lang='lat' dir='ltr'><strong>vel</strong></span> <span class='ocrx_word' id='word_1_48' title='bbox 924 1209 1002 1272; x_wconf 89' lang='lat' dir='ltr'><strong>inde</strong></span> <span class='ocrx_word' id='word_1_49' title='bbox 1028 1207 1180 1272; x_wconf 87' lang='lat' dir='ltr'><strong>derivata</strong></span> <span class='ocrx_word' id='word_1_50' title='bbox 1205 1207 1302 1272; x_wconf 88' lang='lat' dir='ltr'><strong>lacus</strong></span> <span class='ocrx_word' id='word_1_51' title='bbox 1324 1219 1359 1272; x_wconf 89' lang='lat' dir='ltr'><strong>et</strong></span> 
     </span>
     <span class='ocr_line' id='line_1_7' title="bbox 232 1321 1359 1412; baseline 0.004 -26"><span class='ocrx_word' id='word_1_52' title='bbox 232 1321 385 1406; x_wconf 75' lang='lat' dir='ltr'><strong>paludes</strong></span> <span class='ocrx_word' id='word_1_53' title='bbox 410 1321 593 1388; x_wconf 74' lang='lat' dir='ltr'><strong>effecerunt</strong></span> <span class='ocrx_word' id='word_1_54' title='bbox 612 1361 653 1372; x_wconf 92' lang='lat'><strong>—-</strong></span> <span class='ocrx_word' id='word_1_55' title='bbox 677 1326 714 1390; x_wconf 78' lang='grc' dir='ltr'><strong>αἱ</strong></span> <span class='ocrx_word' id='word_1_56' title='bbox 732 1326 791 1392; x_wconf 69' lang='grc' dir='ltr'><strong>τοῦ</strong></span> <span class='ocrx_word' id='word_1_57' title='bbox 808 1325 980 1412; x_wconf 67' lang='grc' dir='ltr'><strong>Εὐφράτου</strong></span> <span class='ocrx_word' id='word_1_58' title='bbox 999 1323 1216 1410; x_wconf 54' lang='lat' dir='ltr'><strong>superaddere</strong></span> <span class='ocrx_word' id='word_1_59' title='bbox 1240 1326 1276 1390; x_wconf 77' lang='grc' dir='ltr'><strong>αἱ</strong></span> <span class='ocrx_word' id='word_1_60' title='bbox 1294 1349 1359 1391; x_wconf 76' lang='lat' dir='ltr'><strong>uor-</strong></span> 
     </span>
     <span class='ocr_line' id='line_1_8' title="bbox 232 1440 1358 1532; baseline 0.002 -24"><span class='ocrx_word' id='word_1_61' title='bbox 232 1443 343 1508; x_wconf 79' lang='grc' dir='ltr'>οὔσαι</span> <span class='ocrx_word' id='word_1_62' title='bbox 368 1440 423 1520; x_wconf 73' lang='grc' dir='ltr'><strong>τὰς</strong></span> <span class='ocrx_word' id='word_1_63' title='bbox 447 1441 525 1527; x_wconf 78' lang='grc' dir='ltr'><strong>πρὸς</strong></span> <span class='ocrx_word' id='word_1_64' title='bbox 549 1443 740 1530; x_wconf 72' lang='grc' dir='ltr'><strong>νῇἈραβῖᾳ</strong></span> <span class='ocrx_word' id='word_1_65' title='bbox 763 1444 880 1532; x_wconf 75' lang='grc' dir='ltr'><strong><em>λίμνας</em></strong></span> <span class='ocrx_word' id='word_1_66' title='bbox 906 1442 963 1512; x_wconf 70' lang='grc' dir='ltr'><strong>καὶ</strong></span> <span class='ocrx_word' id='word_1_67' title='bbox 987 1443 1026 1511; x_wconf 75' lang='lat' dir='ltr'><strong>ada</strong></span> <span class='ocrx_word' id='word_1_68' title='bbox 1053 1440 1107 1528; x_wconf 73' lang='grc' dir='ltr'><strong>ἕλη</strong></span> <span class='ocrx_word' id='word_1_69' title='bbox 1133 1440 1267 1524; x_wconf 76' lang='grc' dir='ltr'><strong><em>πλησίον</em></strong></span> <span class='ocrx_word' id='word_1_70' title='bbox 1297 1440 1358 1518; x_wconf 71' lang='grc' dir='ltr'><strong>Ιεἰσὶ</strong></span> 
     </span>
     <span class='ocr_line' id='line_1_9' title="bbox 234 1558 1356 1650; baseline 0 -24"><span class='ocrx_word' id='word_1_71' title='bbox 234 1561 296 1640; x_wconf 58' lang='grc' dir='ltr'><strong>γῆς</strong></span> <span class='ocrx_word' id='word_1_72' title='bbox 315 1558 403 1626; x_wconf 72' lang='grc' dir='ltr'><strong>κατὰ</strong></span> <span class='ocrx_word' id='word_1_73' title='bbox 422 1562 550 1646; x_wconf 79' lang='grc' dir='ltr'><strong><em>Πέρσας</em></strong></span> <span class='ocrx_word' id='word_1_74' title='bbox 569 1560 747 1646; x_wconf 61' lang='grc' dir='ltr'><strong>θαλάττης,</strong></span> <span class='ocrx_word' id='word_1_75' title='bbox 776 1563 880 1648; x_wconf 79' lang='lat' dir='ltr'><strong>iuquit</strong></span> <span class='ocrx_word' id='word_1_76' title='bbox 904 1560 1131 1650; x_wconf 37' lang='lat' dir='ltr'><strong>Stt·ub0·XVl.</strong></span> <span class='ocrx_word' id='word_1_77' title='bbox 1148 1584 1181 1645; x_wconf 89' lang='lat' dir='ltr'><strong>p.</strong></span> <span class='ocrx_word' id='word_1_78' title='bbox 1194 1560 1268 1644; x_wconf 70' lang='lat'><strong>742,</strong></span> <span class='ocrx_word' id='word_1_79' title='bbox 1289 1587 1356 1626; x_wconf 77' lang='lat' dir='ltr'><strong>uoc-</strong></span> 
     </span>
     <span class='ocr_line' id='line_1_10' title="bbox 232 1670 1356 1765; baseline -0.001 -20"><span class='ocrx_word' id='word_1_80' title='bbox 232 1681 313 1747; x_wconf 78' lang='grc' dir='ltr'><strong>οῧσι</strong></span> <span class='ocrx_word' id='word_1_81' title='bbox 335 1676 372 1746; x_wconf 71' lang='grc' dir='ltr'><strong>δὲ</strong></span> <span class='ocrx_word' id='word_1_82' title='bbox 391 1681 424 1745; x_wconf 77' lang='grc' dir='ltr'><strong>οἱ</strong></span> <span class='ocrx_word' id='word_1_83' title='bbox 442 1676 579 1765; x_wconf 71' lang='lat' dir='ltr'><strong>maurol</strong></span> <span class='ocrx_word' id='word_1_84' title='bbox 606 1670 693 1746; x_wconf 61' lang='grc' dir='ltr'>οὗτοι</span> <span class='ocrx_word' id='word_1_85' title='bbox 717 1677 775 1747; x_wconf 71' lang='grc' dir='ltr'><strong>καὶ</strong></span> <span class='ocrx_word' id='word_1_86' title='bbox 796 1683 833 1747; x_wconf 78' lang='grc' dir='ltr'><strong>αἱ</strong></span> <span class='ocrx_word' id='word_1_87' title='bbox 854 1681 907 1748; x_wconf 72' lang='grc' dir='ltr'><strong>ἀπ’</strong></span> <span class='ocrx_word' id='word_1_88' title='bbox 930 1682 1039 1748; x_wconf 66' lang='grc' dir='ltr'><em>αὐτῶν</em></span> <span class='ocrx_word' id='word_1_89' title='bbox 1064 1676 1212 1765; x_wconf 67' lang='grc' dir='ltr'><strong>ἐκτροπαὶ</strong></span> <span class='ocrx_word' id='word_1_90' title='bbox 1240 1676 1356 1764; x_wconf 75' lang='grc' dir='ltr'><strong><em>λίμνας</em></strong></span> 
     </span>
     <span class='ocr_line' id='line_1_11' title="bbox 232 1793 1356 1884; baseline -0.004 -19"><span class='ocrx_word' id='word_1_91' title='bbox 232 1795 294 1865; x_wconf 72' lang='grc' dir='ltr'><strong>καὶ</strong></span> <span class='ocrx_word' id='word_1_92' title='bbox 309 1793 365 1880; x_wconf 74' lang='grc' dir='ltr'><strong>ἕλη</strong></span> <span class='ocrx_word' id='word_1_93' title='bbox 380 1795 735 1866; x_wconf 61' lang='lat' dir='ltr'><strong>Ptolemaeusvaaa.</strong></span> <span class='ocrx_word' id='word_1_94' title='bbox 745 1835 796 1878; x_wconf 89' lang='lat'><strong>-,</strong></span> <span class='ocrx_word' id='word_1_95' title='bbox 807 1819 893 1884; x_wconf 86' lang='lat' dir='ltr'><strong>quae</strong></span> <span class='ocrx_word' id='word_1_96' title='bbox 900 1797 1049 1864; x_wconf 84' lang='lat' dir='ltr'><strong>Arabiae</strong></span> <span class='ocrx_word' id='word_1_97' title='bbox 1059 1797 1217 1870; x_wconf 84' lang='lat' dir='ltr'><strong>desertae</strong></span> <span class='ocrx_word' id='word_1_98' title='bbox 1226 1795 1356 1866; x_wconf 87' lang='lat' dir='ltr'><strong>vicinae</strong></span> 
     </span>
     <span class='ocr_line' id='line_1_12' title="bbox 230 1913 1355 2001; baseline 0 -19"><span class='ocrx_word' id='word_1_99' title='bbox 230 1917 357 1982; x_wconf 91' lang='lat' dir='ltr'><strong>ibidem</strong></span> <span class='ocrx_word' id='word_1_100' title='bbox 368 1914 442 2001; x_wconf 64' lang='lat'><strong>§.2</strong></span> <span class='ocrx_word' id='word_1_101' title='bbox 458 1913 565 1980; x_wconf 86' lang='lat' dir='ltr'><strong>fuisse</strong></span> <span class='ocrx_word' id='word_1_102' title='bbox 579 1913 805 1998; x_wconf 86' lang='lat' dir='ltr'><strong>perhibentur.</strong></span> <span class='ocrx_word' id='word_1_103' title='bbox 836 1914 932 1981; x_wconf 88' lang='lat' dir='ltr'><strong>llaec</strong></span> <span class='ocrx_word' id='word_1_104' title='bbox 953 1916 1054 2000; x_wconf 84' lang='lat' dir='ltr'><strong>igitur</strong></span> <span class='ocrx_word' id='word_1_105' title='bbox 1072 1915 1161 1980; x_wconf 85' lang='lat' dir='ltr'><strong>vada</strong></span> <span class='ocrx_word' id='word_1_106' title='bbox 1181 1914 1291 1982; x_wconf 79' lang='lat' dir='ltr'><strong>illuvie</strong></span> <span class='ocrx_word' id='word_1_107' title='bbox 1312 1934 1355 1982; x_wconf 82' lang='lat' dir='ltr'><strong>aa</strong></span> 
     </span>
     <span class='ocr_line' id='line_1_13' title="bbox 230 2030 1356 2118; baseline -0.002 -18"><span class='ocrx_word' id='word_1_108' title='bbox 230 2035 457 2118; x_wconf 80' lang='lat' dir='ltr'><strong>voraginibus</strong></span> <span class='ocrx_word' id='word_1_109' title='bbox 499 2030 654 2118; x_wconf 85' lang='lat' dir='ltr'><strong>squalida</strong></span> <span class='ocrx_word' id='word_1_110' title='bbox 683 2031 776 2096; x_wconf 86' lang='lat' dir='ltr'><strong>circa</strong></span> <span class='ocrx_word' id='word_1_111' title='bbox 814 2052 889 2096; x_wconf 86' lang='lat' dir='ltr'><strong>eum</strong></span> <span class='ocrx_word' id='word_1_112' title='bbox 919 2031 1050 2114; x_wconf 86' lang='lat' dir='ltr'><strong>locum,</strong></span> <span class='ocrx_word' id='word_1_113' title='bbox 1085 2031 1141 2096; x_wconf 89' lang='lat' dir='ltr'><strong>ubi</strong></span> <span class='ocrx_word' id='word_1_114' title='bbox 1173 2031 1356 2116; x_wconf 82' lang='lat' dir='ltr'><strong>Euphratis</strong></span> 
     </span>
     <span class='ocr_line' id='line_1_14' title="bbox 232 2145 1353 2234; baseline -0.004 -16"><span class='ocrx_word' id='word_1_115' title='bbox 232 2155 364 2219; x_wconf 87' lang='lat' dir='ltr'><strong>ostiam</strong></span> <span class='ocrx_word' id='word_1_116' title='bbox 384 2150 503 2234; x_wconf 82' lang='lat' dir='ltr'><strong>luerit,</strong></span> <span class='ocrx_word' id='word_1_117' title='bbox 535 2160 712 2234; x_wconf 83' lang='lat' dir='ltr'><strong>antequam</strong></span> <span class='ocrx_word' id='word_1_118' title='bbox 733 2150 776 2212; x_wconf 91' lang='lat' dir='ltr'><strong>ab</strong></span> <span class='ocrx_word' id='word_1_119' title='bbox 798 2145 967 2213; x_wconf 68' lang='lat' dir='ltr'><strong>Oratianis</strong></span> <span class='ocrx_word' id='word_1_120' title='bbox 987 2147 1263 2232; x_wconf 78' lang='lat' dir='ltr'><strong>praecluderetur</strong></span> <span class='ocrx_word' id='word_1_121' title='bbox 1287 2147 1353 2234; x_wconf 84' lang='lat' dir='ltr'><strong>(af.</strong></span> 
     </span>
     <span class='ocr_line' id='line_1_15' title="bbox 233 2267 1350 2359; baseline -0.002 -25"><span class='ocrx_word' id='word_1_122' title='bbox 233 2273 270 2359; x_wconf 86' lang='lat'><strong>§.</strong></span> <span class='ocrx_word' id='word_1_123' title='bbox 282 2269 364 2354; x_wconf 86' lang='grc'><strong>130)</strong></span> <span class='ocrx_word' id='word_1_124' title='bbox 394 2292 452 2355; x_wconf 87' lang='lat' dir='ltr'><strong>per</strong></span> <span class='ocrx_word' id='word_1_125' title='bbox 480 2269 617 2355; x_wconf 77' lang='lat' dir='ltr'><strong>longum</strong></span> <span class='ocrx_word' id='word_1_126' title='bbox 645 2278 729 2334; x_wconf 89' lang='lat' dir='ltr'><strong>orae</strong></span> <span class='ocrx_word' id='word_1_127' title='bbox 756 2279 900 2334; x_wconf 85' lang='lat' dir='ltr'><strong>tractam</strong></span> <span class='ocrx_word' id='word_1_128' title='bbox 928 2268 1055 2353; x_wconf 77' lang='lat' dir='ltr'><strong>porrigi</strong></span> <span class='ocrx_word' id='word_1_129' title='bbox 1084 2267 1189 2336; x_wconf 82' lang='lat' dir='ltr'><strong>refert</strong></span> <span class='ocrx_word' id='word_1_130' title='bbox 1213 2267 1350 2336; x_wconf 86' lang='lat' dir='ltr'><strong>Plinius.</strong></span> 
     </span>
     <span class='ocr_line' id='line_1_16' title="bbox 233 2386 649 2475; baseline -0.014 -19"><span class='ocrx_word' id='word_1_131' title='bbox 233 2391 436 2475; x_wconf 81' lang='lat' dir='ltr'><strong>Legendum</strong></span> <span class='ocrx_word' id='word_1_132' title='bbox 461 2399 515 2454; x_wconf 88' lang='lat' dir='ltr'><strong>est</strong></span> <span class='ocrx_word' id='word_1_133' title='bbox 534 2386 649 2473; x_wconf 82' lang='lat' dir='ltr'><strong>igitur:</strong></span> 
     </span>
    </p>
   </div>
   <div class='ocr_carea' id='block_1_3' title="bbox 273 2537 1353 2758">
    <p class='ocr_par' dir='ltr' id='par_1_3' title="bbox 273 2537 1353 2758">
     <span class='ocr_line' id='line_1_17' title="bbox 275 2537 1353 2632; baseline -0.005 -23"><span class='ocrx_word' id='word_1_134' title='bbox 275 2545 402 2627; x_wconf 76' lang='lat' dir='ltr'><strong>Locus,</strong></span> <span class='ocrx_word' id='word_1_135' title='bbox 432 2541 491 2606; x_wconf 80' lang='lat' dir='ltr'><strong>att</strong></span> <span class='ocrx_word' id='word_1_136' title='bbox 508 2539 690 2628; x_wconf 78' lang='lat' dir='ltr'><strong>Euphratis</strong></span> <span class='ocrx_word' id='word_1_137' title='bbox 709 2542 826 2605; x_wconf 82' lang='lat' dir='ltr'><strong>ostiam</strong></span> <span class='ocrx_word' id='word_1_138' title='bbox 845 2537 927 2628; x_wconf 76' lang='lat' dir='ltr'><strong>fait,</strong></span> <span class='ocrx_word' id='word_1_139' title='bbox 955 2542 1146 2632; x_wconf 75' lang='lat' dir='ltr'><strong>vorapim&#39;</strong></span> <span class='ocrx_word' id='word_1_140' title='bbox 1171 2539 1353 2605; x_wconf 81' lang='lat' dir='ltr'><strong>similius</strong></span> 
     </span>
     <span class='ocr_line' id='line_1_18' title="bbox 273 2656 1256 2758; baseline -0.002 -32"><span class='ocrx_word' id='word_1_141' title='bbox 273 2685 393 2758; x_wconf 82' lang='lat' dir='ltr'><strong>qaam</strong></span> <span class='ocrx_word' id='word_1_142' title='bbox 413 2659 519 2724; x_wconf 83' lang='lat' dir='ltr'><strong>mari</strong></span> <span class='ocrx_word' id='word_1_143' title='bbox 536 2677 607 2745; x_wconf 85' lang='lat' dir='ltr'><strong>per</strong></span> <span class='ocrx_word' id='word_1_144' title='bbox 626 2657 657 2721; x_wconf 80' lang='lat' dir='ltr'><em>L</em></span> <span class='ocrx_word' id='word_1_145' title='bbox 672 2659 714 2722; x_wconf 79' lang='lat' dir='ltr'><em>M</em></span> <span class='ocrx_word' id='word_1_146' title='bbox 726 2673 874 2745; x_wconf 58' lang='lat' dir='ltr'><strong>psoras,</strong></span> <span class='ocrx_word' id='word_1_147' title='bbox 893 2657 1021 2750; x_wconf 72' lang='lat' dir='ltr'><strong>flumen</strong></span> <span class='ocrx_word' id='word_1_148' title='bbox 1041 2659 1176 2726; x_wconf 77' lang='lat' dir='ltr'><strong>Salsum</strong></span> <span class='ocrx_word' id='word_1_149' title='bbox 1196 2656 1256 2725; x_wconf 84' lang='lat' dir='ltr'><strong>rel.</strong></span> 
     </span>
    </p>
   </div>
   <div class='ocr_carea' id='block_1_4' title="bbox 659 2837 1434 2980">
    <p class='ocr_par' dir='ltr' id='par_1_4' title="bbox 659 2837 1434 2980">
     <span class='ocr_line' id='line_1_19' title="bbox 659 2837 1434 2980; baseline -0.004 -22"><span class='ocrx_word' id='word_1_150' title='bbox 659 2885 729 2959; x_wconf 85' lang='grc'><strong>153</strong></span> <span class='ocrx_word' id='word_1_151' title='bbox 744 2916 783 2952; x_wconf 91' lang='lat'><strong><em>=</em></strong></span> <span class='ocrx_word' id='word_1_152' title='bbox 795 2883 857 2978; x_wconf 76' lang='lat'><strong>28,</strong></span> <span class='ocrx_word' id='word_1_153' title='bbox 867 2837 930 2958; x_wconf 68' lang='grc'><strong>33.</strong></span> <span class='ocrx_word' id='word_1_154' title='bbox 1371 2911 1434 2980; x_wconf 69' lang='lat'><strong>138</strong></span> 
     </span>
    </p>
   </div>
   <div class='ocr_carea' id='block_1_5' title="bbox 250 3061 1352 3442">
    <p class='ocr_par' dir='ltr' id='par_1_5' title="bbox 250 3061 1352 3442">
     <span class='ocr_line' id='line_1_20' title="bbox 281 3061 1351 3172; baseline -0.012 -24"><span class='ocrx_word' id='word_1_155' title='bbox 281 3116 337 3130; x_wconf 90' lang='lat'><strong>—</strong></span> <span class='ocrx_word' id='word_1_156' title='bbox 359 3081 490 3172; x_wconf 77' lang='lat' dir='ltr'><strong>gentes</strong></span> <span class='ocrx_word' id='word_1_157' title='bbox 512 3068 725 3146; x_wconf 65' lang='lat' dir='ltr'><strong>Mrendani</strong></span> <span class='ocrx_word' id='word_1_158' title='bbox 751 3081 789 3143; x_wconf 92' lang='lat' dir='ltr'><strong>et</strong></span> <span class='ocrx_word' id='word_1_159' title='bbox 812 3064 1060 3159; x_wconf 77' lang='lat' dir='ltr'><strong>(latabani,</strong></span> <span class='ocrx_word' id='word_1_160' title='bbox 1089 3061 1351 3144; x_wconf 82' lang='lat' dir='ltr'><strong>Gabonitae</strong></span> 
     </span>
     <span class='ocr_line' id='line_1_21' title="bbox 286 3199 1352 3308; baseline -0.008 -26"><span class='ocrx_word' id='word_1_161' title='bbox 286 3208 454 3308; x_wconf 87' lang='lat' dir='ltr'><strong>pluribus</strong></span> <span class='ocrx_word' id='word_1_162' title='bbox 481 3205 648 3306; x_wconf 86' lang='lat' dir='ltr'><strong>oppidis,</strong></span> <span class='ocrx_word' id='word_1_163' title='bbox 677 3204 745 3281; x_wconf 89' lang='lat' dir='ltr'><strong>sed</strong></span> <span class='ocrx_word' id='word_1_164' title='bbox 771 3200 955 3280; x_wconf 85' lang='lat' dir='ltr'><strong>maxumis</strong></span> <span class='ocrx_word' id='word_1_165' title='bbox 980 3200 1099 3302; x_wconf 82' lang='lat' dir='ltr'><strong>Nagia</strong></span> <span class='ocrx_word' id='word_1_166' title='bbox 1121 3209 1159 3276; x_wconf 90' lang='lat' dir='ltr'><strong>et</strong></span> <span class='ocrx_word' id='word_1_167' title='bbox 1181 3199 1352 3276; x_wconf 76' lang='lat' dir='ltr'><strong>Thomna</strong></span> 
     </span>
     <span class='ocr_line' id='line_1_22' title="bbox 250 3341 653 3442; baseline -0.01 -23"><span class='ocrx_word' id='word_1_168' title='bbox 250 3347 268 3354; x_wconf 65' lang='lat'><em>&#39;</em></span> <span class='ocrx_word' id='word_1_169' title='bbox 285 3345 511 3442; x_wconf 87' lang='lat' dir='ltr'><strong>templorum</strong></span> <span class='ocrx_word' id='word_1_170' title='bbox 532 3341 653 3416; x_wconf 84' lang='lat' dir='ltr'><strong>LXV.</strong></span> 
     </span>
    </p>
   </div>
   <div class='ocr_carea' id='block_1_6' title="bbox 233 3520 1354 4442">
    <p class='ocr_par' dir='ltr' id='par_1_6' title="bbox 233 3520 1354 4442">
     <span class='ocr_line' id='line_1_23' title="bbox 319 3520 1352 3610; baseline -0.008 -19"><span class='ocrx_word' id='word_1_171' title='bbox 319 3527 570 3592; x_wconf 83' lang='lat' dir='ltr'><strong>Catabanorum</strong></span> <span class='ocrx_word' id='word_1_172' title='bbox 586 3535 688 3610; x_wconf 89' lang='lat' dir='ltr'><strong>caput</strong></span> <span class='ocrx_word' id='word_1_173' title='bbox 697 3523 942 3588; x_wconf 85' lang='lat' dir='ltr'><strong>Eratosthenes</strong></span> <span class='ocrx_word' id='word_1_174' title='bbox 955 3523 1045 3608; x_wconf 91' lang='lat' dir='ltr'><strong>apud</strong></span> <span class='ocrx_word' id='word_1_175' title='bbox 1053 3522 1252 3589; x_wconf 87' lang='lat' dir='ltr'><strong>Strabonem</strong></span> <span class='ocrx_word' id='word_1_176' title='bbox 1260 3520 1352 3588; x_wconf 86' lang='lat' dir='ltr'><strong>XVI.</strong></span> 
     </span>
     <span class='ocr_line' id='line_1_24' title="bbox 233 3623 1352 3732; baseline -0.005 -22"><span class='ocrx_word' id='word_1_177' title='bbox 233 3670 266 3732; x_wconf 94' lang='lat' dir='ltr'><strong>p.</strong></span> <span class='ocrx_word' id='word_1_178' title='bbox 279 3643 356 3710; x_wconf 83' lang='lat'><strong>768.</strong></span> <span class='ocrx_word' id='word_1_179' title='bbox 378 3645 506 3709; x_wconf 77' lang='lat' dir='ltr'><strong>&#39;lamna</strong></span> <span class='ocrx_word' id='word_1_180' title='bbox 526 3623 778 3710; x_wconf 22' lang='lat' dir='ltr'><strong>fuisse-narrat</strong></span> <span class='ocrx_word' id='word_1_181' title='bbox 806 3627 949 3729; x_wconf 89' lang='lat' dir='ltr'><strong>eamque</strong></span> <span class='ocrx_word' id='word_1_182' title='bbox 977 3641 1150 3710; x_wconf 83' lang='lat' dir='ltr'><strong>turiferam</strong></span> <span class='ocrx_word' id='word_1_183' title='bbox 1180 3644 1352 3728; x_wconf 84' lang='lat' dir='ltr'><strong>regionem</strong></span> 
     </span>
     <span class='ocr_line' id='line_1_25' title="bbox 233 3759 1353 3860; baseline -0.009 -28"><span class='ocrx_word' id='word_1_184' title='bbox 233 3787 332 3846; x_wconf 83' lang='lat' dir='ltr'><strong>csse,</strong></span> <span class='ocrx_word' id='word_1_185' title='bbox 363 3785 449 3851; x_wconf 88' lang='lat' dir='ltr'><strong>qaae</strong></span> <span class='ocrx_word' id='word_1_186' title='bbox 478 3765 522 3828; x_wconf 92' lang='lat' dir='ltr'><strong>ad</strong></span> <span class='ocrx_word' id='word_1_187' title='bbox 544 3763 629 3828; x_wconf 87' lang='lat' dir='ltr'><strong>fines</strong></span> <span class='ocrx_word' id='word_1_188' title='bbox 651 3763 788 3827; x_wconf 87' lang='lat' dir='ltr'><strong>Arabici</strong></span> <span class='ocrx_word' id='word_1_189' title='bbox 810 3764 905 3828; x_wconf 89' lang='lat' dir='ltr'><strong>sinus</strong></span> <span class='ocrx_word' id='word_1_190' title='bbox 928 3764 1136 3848; x_wconf 81' lang='lat' dir='ltr'><strong>porrigatur:</strong></span> <span class='ocrx_word' id='word_1_191' title='bbox 1156 3759 1353 3860; x_wconf 57' lang='lat' dir='ltr'><strong>fiebanitas,</strong></span> 
     </span>
     <span class='ocr_line' id='line_1_26' title="bbox 234 3861 1353 3970; baseline -0.008 -23"><span class='ocrx_word' id='word_1_192' title='bbox 234 3904 377 3970; x_wconf 86' lang='lat' dir='ltr'><strong>quorum</strong></span> <span class='ocrx_word' id='word_1_193' title='bbox 398 3881 488 3948; x_wconf 88' lang='lat' dir='ltr'><strong>infra</strong></span> <span class='ocrx_word' id='word_1_194' title='bbox 515 3861 717 3946; x_wconf 86' lang='lat' dir='ltr'><strong>mentionem</strong></span> <span class='ocrx_word' id='word_1_195' title='bbox 744 3879 825 3944; x_wconf 87' lang='lat' dir='ltr'><strong>fecit</strong></span> <span class='ocrx_word' id='word_1_196' title='bbox 846 3876 971 3942; x_wconf 88' lang='lat' dir='ltr'><strong>Plinius</strong></span> <span class='ocrx_word' id='word_1_197' title='bbox 993 3878 1067 3941; x_wconf 90' lang='lat' dir='ltr'><strong>Xll.</strong></span> <span class='ocrx_word' id='word_1_198' title='bbox 1085 3875 1143 3958; x_wconf 88' lang='grc'><strong>63,</strong></span> <span class='ocrx_word' id='word_1_199' title='bbox 1171 3895 1238 3938; x_wconf 90' lang='lat' dir='ltr'><strong>non</strong></span> <span class='ocrx_word' id='word_1_200' title='bbox 1262 3895 1353 3938; x_wconf 92' lang='lat' dir='ltr'><strong>com-</strong></span> 
     </span>
     <span class='ocr_line' id='line_1_27' title="bbox 233 3993 1353 4086; baseline -0.006 -21"><span class='ocrx_word' id='word_1_201' title='bbox 233 4015 407 4069; x_wconf 79' lang='lat' dir='ltr'><strong>memorat,</strong></span> <span class='ocrx_word' id='word_1_202' title='bbox 456 4002 609 4086; x_wconf 90' lang='lat' dir='ltr'><strong>Apparet</strong></span> <span class='ocrx_word' id='word_1_203' title='bbox 635 4002 733 4084; x_wconf 81' lang='lat' dir='ltr'><strong>igitur</strong></span> <span class='ocrx_word' id='word_1_204' title='bbox 757 3998 826 4064; x_wconf 88' lang='lat' dir='ltr'><strong>h.1.</strong></span> <span class='ocrx_word' id='word_1_205' title='bbox 849 3997 1001 4061; x_wconf 84' lang='lat' dir='ltr'><strong>Thomna</strong></span> <span class='ocrx_word' id='word_1_206' title='bbox 1028 4016 1050 4060; x_wconf 89' lang='lat' dir='ltr'><strong>a</strong></span> <span class='ocrx_word' id='word_1_207' title='bbox 1079 3993 1260 4058; x_wconf 85' lang='lat' dir='ltr'><strong>Catabanis</strong></span> <span class='ocrx_word' id='word_1_208' title='bbox 1285 4013 1353 4058; x_wconf 89' lang='lat' dir='ltr'><strong>non</strong></span> 
     </span>
     <span class='ocr_line' id='line_1_28' title="bbox 235 4114 1354 4205; baseline -0.004 -21"><span class='ocrx_word' id='word_1_209' title='bbox 235 4121 324 4184; x_wconf 91' lang='lat' dir='ltr'><strong>beue</strong></span> <span class='ocrx_word' id='word_1_210' title='bbox 346 4122 510 4205; x_wconf 87' lang='lat' dir='ltr'><strong>separari.</strong></span> <span class='ocrx_word' id='word_1_211' title='bbox 561 4120 710 4184; x_wconf 88' lang='lat' dir='ltr'><strong>Fuerunt</strong></span> <span class='ocrx_word' id='word_1_212' title='bbox 734 4120 821 4184; x_wconf 88' lang='lat' dir='ltr'><strong>enim</strong></span> <span class='ocrx_word' id='word_1_213' title='bbox 845 4128 879 4184; x_wconf 91' lang='lat' dir='ltr'><strong>et</strong></span> <span class='ocrx_word' id='word_1_214' title='bbox 907 4115 963 4182; x_wconf 89' lang='lat' dir='ltr'><strong>alii</strong></span> <span class='ocrx_word' id='word_1_215' title='bbox 986 4115 1150 4180; x_wconf 83' lang='lat' dir='ltr'><strong>Catabani</strong></span> <span class='ocrx_word' id='word_1_216' title='bbox 1172 4114 1205 4179; x_wconf 89' lang='lat' dir='ltr'><strong>in</strong></span> <span class='ocrx_word' id='word_1_217' title='bbox 1225 4115 1354 4181; x_wconf 88' lang='lat' dir='ltr'><strong>Arabia</strong></span> 
     </span>
     <span class='ocr_line' id='line_1_29' title="bbox 235 4234 1352 4322; baseline -0.005 -18"><span class='ocrx_word' id='word_1_218' title='bbox 235 4240 400 4321; x_wconf 86' lang='lat' dir='ltr'><strong>Petraea,</strong></span> <span class='ocrx_word' id='word_1_219' title='bbox 429 4258 534 4322; x_wconf 90' lang='lat' dir='ltr'><strong>supra</strong></span> <span class='ocrx_word' id='word_1_220' title='bbox 556 4238 597 4302; x_wconf 90' lang='lat' dir='ltr'><strong>V.</strong></span> <span class='ocrx_word' id='word_1_221' title='bbox 612 4237 666 4300; x_wconf 82' lang='lat'><strong>65.</strong></span> <span class='ocrx_word' id='word_1_222' title='bbox 690 4237 960 4319; x_wconf 83' lang='lat' dir='ltr'><strong>commemorati,</strong></span> <span class='ocrx_word' id='word_1_223' title='bbox 981 4255 1002 4300; x_wconf 89' lang='lat' dir='ltr'><strong>a</strong></span> <span class='ocrx_word' id='word_1_224' title='bbox 1023 4235 1143 4321; x_wconf 85' lang='lat' dir='ltr'><strong>quibus</strong></span> <span class='ocrx_word' id='word_1_225' title='bbox 1166 4234 1352 4301; x_wconf 86' lang='lat' dir='ltr'><strong>Gebauitae</strong></span> 
     </span>
     <span class='ocr_line' id='line_1_30' title="bbox 234 4352 1226 4442; baseline -0.004 -20"><span class='ocrx_word' id='word_1_226' title='bbox 234 4359 437 4442; x_wconf 82' lang='lat' dir='ltr'><strong>cognomine</strong></span> <span class='ocrx_word' id='word_1_227' title='bbox 460 4356 717 4441; x_wconf 82' lang='lat' dir='ltr'><strong>distinguuntur.</strong></span> <span class='ocrx_word' id='word_1_228' title='bbox 759 4352 875 4438; x_wconf 89' lang='lat' dir='ltr'><strong>ltaque</strong></span> <span class='ocrx_word' id='word_1_229' title='bbox 899 4353 1052 4437; x_wconf 82' lang='lat' dir='ltr'><strong>legumus</strong></span> <span class='ocrx_word' id='word_1_230' title='bbox 1074 4362 1226 4438; x_wconf 86' lang='lat' dir='ltr'><strong>oportet:</strong></span> 
     </span>
    </p>
   </div>
   <div class='ocr_carea' id='block_1_7' title="bbox 530 4501 1141 4700">
    <p class='ocr_par' dir='ltr' id='par_1_7' title="bbox 530 4501 1141 4700">
     <span class='ocr_line' id='line_1_31' title="bbox 530 4501 1045 4575; baseline -0.004 -3"><span class='ocrx_word' id='word_1_231' title='bbox 530 4515 563 4572; x_wconf 84' lang='lat' dir='ltr'><strong>at</strong></span> <span class='ocrx_word' id='word_1_232' title='bbox 590 4503 788 4575; x_wconf 77' lang='lat' dir='ltr'><strong>Octulani</strong></span> <span class='ocrx_word' id='word_1_233' title='bbox 808 4501 1045 4570; x_wconf 79' lang='lat' dir='ltr'><strong>Gebaaitae.</strong></span> 
     </span>
     <span class='ocr_line' id='line_1_32' title="bbox 1119 4635 1141 4700; baseline 0 0"><span class='ocrx_word' id='word_1_234' title='bbox 1119 4635 1141 4700; x_wconf 84' lang='lat'>8</span> 
     </span>
    </p>
   </div>
   <div class='ocr_carea' id='block_1_8' title="bbox 0 0 1788 5559">
    <p class='ocr_par' dir='ltr' id='par_1_8' title="bbox 0 0 1788 5559">
     <span class='ocr_line' id='line_1_33' title="bbox 0 0 1788 5559; baseline 0 1"><span class='ocrx_word' id='word_1_235' title='bbox 0 0 1788 5559; x_wconf 95' lang='lat' dir='ltr'><strong> </strong></span> 
     </span>
    </p>
   </div>
  </div>
 </body>
</html>
