3567 5559
447 519 510 588 rat
884 523 996 600 ,bier
1017 525 1106 596 711·

446 706 659 776 marmano
683 707 807 778 totae
832 729 923 798 qnae
941 721 1053 780 autom
1074 709 1170 781 hicn
1195 707 1312 778 Plinio
1335 713 1519 784 inornantur,
1537 721 1553 766 c

447 825 582 892 Graeco
604 825 886 898 sontefloxerunt.
911 829 1119 899 Libertatem
1141 841 1261 896 tamen
1288 828 1438 904 humano
1459 820 1555 907 generi

448 946 627 1030 ingenitam
647 946 787 1010 inveniri
807 967 874 1011 non
898 946 1049 1028 potuisse
1059 957 1217 1031 apparet,
1244 965 1353 1030 quum
1364 942 1477 1007 variae
1492 937 1554 1002 civi·

449 1076 552 1131 tatum
573 1061 703 1127 ferorae
725 1073 758 1126 ct
779 1063 952 1127 servitude
966 1061 1065 1150 infra
1088 1063 1200 1152 §.20st
1232 1063 1333 1128 haud
1354 1063 1467 1145 inepte
1486 1058 1557 1121 inter

449 1185 584 1249 inventa
615 1191 860 1251 enumerentur.
919 1181 1012 1248 Sicut
1041 1183 1141 1268 igitur
1170 1181 1289 1248 Ceres
1325 1179 1492 1246 frumenta
1520 1175 1557 1238 in·

450 1303 556 1386 venit,
584 1303 630 1369 ita
651 1299 810 1366 Bacchus
829 1299 943 1366 vitium
966 1301 1128 1367 culturam
1146 1314 1180 1367 et
1205 1301 1409 1367 vindemias
1427 1295 1559 1361 homines

450 1407 611 1486 docuisse
621 1419 826 1505 perhibetur,
840 1420 887 1482 ita
900 1413 1083 1484 utdeorum
1096 1421 1233 1484 inventa
1245 1416 1431 1497 Mercurii,
1446 1409 1558 1485 Bacchi,

451 1536 587 1604 Cereris
608 1536 696 1603 infra
717 1539 745 1626 ᾗ.
763 1537 833 1602 199.
859 1521 902 1602 ab
924 1537 1112 1632 hominibus
1134 1538 1280 1623 PoeniS,
1303 1533 1490 1634 Eumolpo,
1510 1528 1557 1592 nu·

449 1675 537 1743 zyge
548 1667 581 1720 et
591 1655 795 1742 Triptolemo
810 1657 944 1722 exculta
955 1675 1033 1722 csse
1047 1633 1235 1721 narrentur.
1261 1655 1389 1730 Quare
1400 1647 1557 1736 legendnm

450 1775 626 1840 videturz'
689 1752 692 1756 ι

493 1891 615 1956 Emere
632 1913 673 1955 oc
692 1889 835 1962 vendere
857 1890 999 1954 instituit
1020 1889 1263 1974 Mercurius,
1288 1881 1479 1954 dividemus
1498 1873 1557 1963 (vel

494 2010 609 2073 vitium
633 2009 813 2097 culturom)
836 1997 937 2074 Liber
955 2010 1059 2096 pater.

535 2163 564 2250 §.
580 2163 650 2229 197.
672 2185 733 2250 pro
746 2161 860 2226 Eaclis
875 2180 897 2232 e⁴
910 2161 986 2229 cod.
1002 2147 1035 2226 Θ
1049 2153 1336 2248 lectione'Aeclis
1357 2151 1553 2223 scribendum

451 2280 582 2345 videtur
594 2279 724 2342 Accius.
766 2277 796 2361 ᾗ.
810 2277 883 2341 201.
907 2297 983 2341 cum
997 2277 1134 2356 Osanna
1158 2275 1176 2343 Ι.
1189 2277 1210 2343 l.
1226 2299 1257 2361 p.
1269 2275 1349 2344 395.
1373 2282 1452 2362 post
1470 2267 1555 2357 ptam

449 2393 640 2458 Pilumnum
661 2392 833 2458 excidisse
853 2371 1017 2477 putarem,
1037 2394 1101 2458 nisi
1124 2394 1298 2476 Pilumnus
1323 2381 1479 2482 pinsendi
1498 2384 1552 2450 sru·

449 2509 549 2576 menti
576 2521 696 2576 auctor
726 2511 768 2575 ab
790 2531 956 2575 armorum
986 2513 1177 2578 inventione
1205 2491 1341 2583 alienus
1375 2531 1454 2579 esse
1477 2505 1552 2571 vide·

449 2640 549 2697 retur.
1019 2637 1020 2642 ’

372 2767 434 2835 ¹⁶⁷
560 2871 563 2875 ,
783 2753 787 2758 ’
860 2729 1149 2881 chinium.

502 2938 709 3014 Anticiides
735 2937 773 3014 in
800 2939 982 3037 Aegypto
999 2937 1185 3032 invenisse
1211 2938 1400 3038 quendam
1423 2926 1550 3010 nomina

501 3075 665 3150 Menon
707 3073 820 3148 tradit
850 3073 924 3148 XV
957 3071 997 3147 M
1029 3093 1207 3148 annorum
1244 3086 1346 3150 ante·
1368 3073 1549 3151 Phoroneo

503 3208 794 3309 antiquissimum
818 3209 1004 3284 Graeciae
1030 3237 1157 3310 regem
1179 3201 1290 3312 idque
1317 3196 1548 3290 monumentis

502 3347 709 3444 approbare
732 3355 898 3419 conatur.

533 3508 651 3575 Verbo
686 3510 855 3574 monuisse
888 3508 1051 3589 sufficiet,
1093 3513 1196 3578 scribi
1222 3527 1394 3600 oportere
1429 3509 1547 3578 nterea,

451 3648 550 3716 quern
578 3626 715 3708 primurn
745 3625 888 3689 onmium
924 3646 1039 3711 regem
1067 3626 1198 3695 litteras
1226 3635 1255 3699 si
1283 3656 1350 3702 non
1383 3624 1546 3700 invenisse,

451 3757 486 3811 at
498 3754 591 3816 certe
611 3743 677 3810 iam
695 3743 834 3810 novisse
855 3753 992 3829 praeter
1006 3742 1093 3810 alios
1101 3749 1231 3836 monuit
1242 3751 1445 3837 Bunsenins,
1467 3752 1546 3830 quern

449 3865 590 3936 honoris
607 3885 716 3937 causa
738 3866 884 3948 nomino,
906 3864 1057 3954 Aegypt.
1079 3864 1146 3932 vol.
1168 3868 1194 3942 1.
1216 3890 1251 3954 p.
1262 3867 1333 3936 364.

371 4058 433 4126 rae
864 4035 1073 4133 212260,
1091 4035 1151 4112 ao.

501 4207 524 4258 a
549 4185 717 4258 columna
740 4182 887 4258 Maenia
922 4183 969 4258 ad
996 4211 1206 4267 carcerem
1241 4191 1413 4269 inclinato
1437 4181 1542 4263 sidere

499 4342 713 4418 supremum
740 4297 1017 4421 pronuntiavit(
1103 4297 1107 4302 ⁵

532 4484 600 4550 lam
622 4481 763 4549 1118111
785 4484 820 4552 in
840 4505 931 4553 novo
953 4507 1074 4570 nrrrseo¹
1092 4489 1258 4562 Rhenano
1281 4497 1350 4569 voi.
1363 4497 1420 4566 lV.
1439 4476 1544 4582 110639.
