3567 5559
559 667 561 672 .
700 596 800 663 aue
818 599 888 665 II:-
1317 603 1361 669 ld

321 784 412 853 Olim
439 786 556 850 orhem
585 784 621 847 in
648 782 749 848 multa
775 801 884 869 regna
912 784 1053 849 divisum
1072 784 1238 869 *plurr'mos
1264 791 1358 857 viros

237 909 395 975 doctrina
428 916 464 971 et
491 902 627 987 ingenie
655 900 768 967 olaros
790 902 909 970 tuilsse
931 904 1070 969 miratur
1088 904 1241 987 Plinius‚³
1261 916 1360 994 quum

236 1048 329 1095 nune
348 1046 418 1091 uno
439 1036 605 1089 terrarum
622 1021 758 1085 domino
778 1023 890 1087 studia
911 1022 1030 1113 relicta
1049 1026 1192 1092 ieeeant.
1234 1027 1357 1113 Expel.

237 1148 374 1213 lendum
399 1154 453 1209 est
475 1142 578 1229 igitur
599 1139 776 1207 molestum
798 1140 970 1226 glossema
992 1143 1053 1209 hoe
1073 1154 1123 1209 est
1144 1146 1181 1211 in
1199 1146 1359 1229 membra,

238 1289 307 1355 quo
328 1265 451 1350 aliquis
473 1260 670 1327 divisionem
697 1262 790 1327 orbis
811 1262 980 1330 illustrare
1002 1266 1140 1332 studuit.

656 1430 729 1507 ns
755 1431 937 1535 (niuem).
1042 1386 1045 1393 ’
1375 1443 1416 1507 n

295 1630 345 1643 -
372 1594 412 1659 ot
438 1583 618 1659 immensa
643 1582 838 1661 multitudo
865 1596 997 1687 aperto
1025 1589 1273 1689 quodcunque
1300 1596 1357 1663 est

290 1720 387 1800 mari
425 1717 672 1819 hospitalique
709 1720 873 1800 littorum
911 1724 1072 1801 omnium
1106 1728 1266 1828 appulsu
1294 1750 1357 1801 na-

289 1859 394 1960 vigat
413 1900 465 1915 —

239 2016 438 2108 quoeunque
459 2006 577 2073 a²drb
608 2028 824 2110 praesumpte
844 2012 881 2073 a1
904 2026 1033 2103 conque
1058 2008 1092 2075 R
1122 2043 1161 2104 -7
1189 2020 1252 2105 est,
1279 2009 1357 2075 ind

239 2150 377 2198 rasura.
399 2162 438 2177 —
461 2128 575 2213 ltaque
597 2124 813 2192 scribendum
834 2127 982 2191 videturr
1045 2148 1047 2155 ’
1178 2129 1182 2138 ’
1276 2122 1282 2134 ’

557 2254 670 2333 aperto
695 2266 930 2341 quoeunque
956 2218 1043 2312 inuri

239 2364 360 2449 §till
384 2363 483 2449 vulgo
504 2375 599 2429 reete
621 2363 731 2431 editur
753 2365 839 2434 item.
881 2365 966 2431 Num
982 2367 1105 2433 circius
1120 2368 1162 2432 ab
1179 2368 1354 2435 occidente

239 2488 361 2574 spirat,
383 2482 518 2551 naenias
538 2482 581 2549 ab
602 2485 740 2549 oriente.

659 2638 938 2735 mazeum.
972 2670 990 2714 μ
1101 2650 1109 2691 ·-
1373 2644 1415 2710 rs

290 2791 501 2870 Favonium
523 2788 670 2888 quidam
693 2816 726 2865 a
740 2792 775 2866 d.
789 2793 900 2869 VIII.
914 2791 1105 2867 Kalendas
1121 2786 1354 2864 Martii-eho·
1464 2832 1465 2837 =

150 2965 151 3008 z
289 2926 454 3003 lidonian
479 2934 612 3003 vocant
638 2928 682 3001 nh
707 2924 914 3002 hirundinis
942 2925 1044 3018 visu,
1077 2923 1241 2997 nonnulli
1265 2946 1355 3000 vero

150 3031 151 3124 l
294 3063 479 3139 smithius
498 3088 572 3139 uno
600 3063 838 3165 eterX.(l)
855 3062 917 3136 die
936 3059 1199 3159 postbrumam
1224 3060 1269 3135 ab
1294 3060 1356 3139 ad-

150 3205 151 3208 ’
297 3207 410 3275 ventu
431 3199 549 3276 arium
571 3187 721 3275 flantem
742 3224 813 3299 per
840 3198 921 3273 (lies
942 3220 1087 3274 novem.

324 3352 409 3418 Levi
432 3352 694 3437 transpositione
718 3362 857 3416 sanatur
882 3349 988 3415 loeus.
1034 3348 1128 3447 Sicut
1151 3338 1238 3415 enirn
1259 3348 1354 3417 favo-

150 3467 151 3484 *
241 3472 328 3538 nium
350 3472 394 3537 ab
416 3470 602 3567 hirundinis
622 3470 697 3535 visu
719 3468 941 3559 chelidonian,
962 3470 1009 3534 ita
1031 3471 1072 3535 ab
1087 3470 1196 3533 avium
1209 3468 1356 3535 adventu

243 3592 408 3657 ornithian
431 3592 550 3658 vocari
569 3599 734 3656 narratur.
781 3587 896 3675 ltaque
917 3588 1095 3675 legendum
1118 3598 1189 3653 est:

150 3741 151 3792 p
284 3707 440 3774 nonnulli
459 3730 536 3773 uero
557 3706 725 3772 ornithian
746 3705 788 3769 nh
804 3706 950 3770 adventu
972 3708 1082 3771 unium
1102 3729 1169 3770 nno
1191 3705 1259 3775 rel.'
1292 3718 1295 3727 '
1347 3712 1350 3721 ’

650 3869 737 3953 '129
752 3915 788 3945 =
802 3878 865 3972 47,
880 3876 960 3978 tt.-⁸
1059 3952 1061 3957 ,
1295 3906 1297 3913 ’
1374 3900 1415 3964 19

299 4029 448 4129 Septem
462 4028 603 4105 triones
625 4029 758 4129 imperi
777 4030 858 4105 lere
884 4026 1059 4105 deinunt
1070 4050 1237 4121 numero,
1260 4052 1354 4128 quae
1416 4132 1420 4139 .
1534 4036 1536 4041 ’

293 4164 503 4244 observatio
525 4173 563 4239 et
589 4140 734 4252 inaliis
761 4166 889 4243 multis
910 4189 1037 4257 rarum
1064 4173 1218 4244 naturae
1243 4165 1355 4265 purti-

293 4302 359 4380 hus
373 4303 496 4395 ralet3
519 4325 642 4377 mares
668 4301 793 4402 itaque
820 4301 1078 4382 existimantur
1102 4300 1265 4401 impares
1288 4327 1355 4382 nu-

294 4438 418 4515 meris.
446 4438 515 4515 Sol
538 4445 601 4515 rel.

327 4590 462 4675 inpuris
477 4612 617 4659 nuum
641 4554 745 4675 ¹vulgo
765 4587 887 4675 legitur
909 4610 987 4657 oum
1009 4588 1086 4654 eod.
1109 4608 1139 4656 e.
1174 4584 1288 4653 Ceteri
1308 4584 1355 4652 ita
