3567 5559
703 687 794 751 Liber
815 689 921 757 XVII.
1295 645 1298 651 ι
1320 686 1361 759 36

249 885 341 950 hiatu
361 868 399 949 νζ
419 885 522 948 utendi
541 881 584 946 ad
602 885 757 949 remotius
778 885 1013 950 substantivum
1033 889 1227 972 ,praecepta‘
1249 886 1363 952 referri

250 1022 347 1087 posse
381 1002 446 1065 sibi
479 1002 649 1085 persuasit.
690 1001 861 1066 Postremo
892 1005 988 1067 lanus
1016 1005 1204 1089 elegantiori
1235 1005 1362 1088 iudicio,
1424 1008 1427 1016 ’

250 1113 468 1184 oonsilionon
483 1118 898 1184 minustemerarioususv.
916 1121 1201 1204 ploroinouleavlt,
1225 1123 1363 1186 otiosum

250 1243 291 1319 et,
314 1238 380 1300 nisi
401 1236 512 1317 fallor,
535 1254 554 1297 a
576 1236 672 1300 Plinii
694 1238 927 1302 consuetudine
950 1239 1098 1305 alienum.
1141 1239 1254 1324 Neque
1278 1237 1364 1302 enlm

251 1355 357 1417 locum
377 1374 433 1416 me
450 1354 558 1438 legere
571 1355 710 1436 memini,
732 1355 788 1418 nbi
808 1355 945 1440 scriptor
965 1376 999 1420 se
1020 1357 1112 1441 plura
1125 1377 1189 1420 non
1201 1357 1363 1422 invenisse

251 1491 348 1556 quam
371 1491 461 1556 quae
481 1472 605 1555 retulit,
638 1471 835 1536 confiteatur.
860 1471 988 1537 Scilicet
1007 1493 1137 1558 operam
1159 1494 1271 1538 omnes
1292 1494 1364 1560 per·

251 1587 422 1671 diderunt,
454 1587 530 1658 dum
556 1589 717 1674 scriptoris
740 1563 773 1652 et
794 1591 993 1674 grammatici
1014 1611 1144 1654 manum
1166 1612 1230 1656 non
1252 1591 1363 1656 distin·

252 1712 365 1792 guunt.
411 1705 534 1773 Plinius
556 1705 625 1789 ipse
647 1707 833 1792 scripserat:
887 1718 891 1727 “

291 1829 370 1906 ,Hae
390 1827 482 1900 fuere
503 1827 587 1902 opud
603 1828 723 1902 priscos
744 1828 946 1908 differentiae,
966 1831 1111 1905 simulque
1132 1834 1297 1908 praecepta
1318 1844 1365 1888 rr-

292 1948 347 2005 tuli
367 1945 506 2016 utendi‘;
1264 2029 1267 2036 ¹

253 2066 381 2142 praeter
404 2059 537 2123 modum
555 2057 640 2122 enim
662 2079 724 2144 quo
747 2059 825 2122 lotio
847 2059 987 2124 humano
1016 2058 1171 2124 utendum
1193 2059 1365 2141 videretur,

254 2175 325 2260 ipso
350 2176 468 2240 ordine
498 2195 559 2260 quo
583 2176 708 2255 singula
726 2177 874 2240 stercoris
899 2198 1019 2262 genera
1036 2177 1234 2242 enumerarit
1255 2176 1366 2241 utendi

257 2302 432 2379 praecepta
441 2293 691 2378 comprehendit,
700 2315 781 2379 quae
795 2294 834 2358 ab
843 2295 991 2378 agricolis
1000 2294 1255 2361 observarentur.
1263 2294 1366 2358 Aliter

257 2411 423 2475 nisnmest
437 2411 821 2496 doctoilligrammatico,
843 2412 948 2495 Iunio,
968 2421 1004 2476 ut
1025 2413 1159 2494 videtur,
1182 2412 1366 2493 Laurentio,

259 2530 345 2592 cuius
369 2529 598 2610 annotationes
622 2550 652 2594 n.
674 2529 715 2596 39
737 2536 769 2593 et
785 2531 844 2596 121
867 2531 1099 2613 indicavimus,
1134 2503 1365 2615 frequentiores

262 2646 396 2711 etiamin
412 2646 494 2710 libro
503 2643 616 2732 primo,
628 2647 773 2712 inindioe
783 2649 935 2712 librorum
943 2647 1054 2712 XVIII
1068 2654 1100 2711 et
1108 2646 1172 2712 XX
1181 2650 1366 2732 reperimus.

261 2759 319 2834 Qui
332 2785 445 2850 quum,
459 2770 495 2827 ut
506 2764 618 2827 florum
633 2785 754 2850 genera
767 2785 787 2827 a
801 2765 969 2831 medloinis
981 2771 1180 2856 separantur,
1198 2763 1274 2828 item
1288 2768 1365 2826 ster-

262 2881 339 2943 coris
362 2901 487 2966 genera
508 2889 540 2945 et
562 2883 760 2946 stercorandi
781 2890 955 2968 praecepta
976 2883 1149 2968 separatim
1172 2902 1191 2944 a
1213 2881 1366 2966 scriptore

261 2999 339 3061 tradi
362 3001 567 3086 opinaretur,
595 3001 735 3086 prudens
758 2989 997 3082 animadvertit,
1033 3019 1068 3062 se
1101 3004 1276 3084 praecepta
1302 3017 1367 3060 non

262 3114 412 3182 invenire.
457 3115 547 3189 Quae
575 3118 774 3201 grammatici
798 3116 987 3181 'observatio
1020 3117 1219 3201 emargine,
1265 3122 1300 3178 ut
1322 3115 1367 3197 fit,

263 3230 340 3296 inter
369 3236 445 3320 ipsa
472 3235 640 3320 scriptoris
664 3235 762 3299 verba
784 3240 899 3319 postea
915 3243 1047 3319 recepta
1069 3241 1128 3298 est.
1172 3234 1271 3297 Paulo
1293 3239 1368 3318 post

265 3358 346 3414 recte
368 3352 438 3417 sill.
460 3371 479 3415 e
501 3350 664 3415 codicibus
688 3357 789 3416 absidi
810 3353 952 3436 scripsit:
977 3358 1204 3437 ,praeceptnm‘
1236 3352 1321 3414 enim
1349 3373 1367 3414 e

265 3463 365 3532 dativo
379 3469 584 3554 ,praeceptis‘
598 3469 777 3536 admirabili
786 3470 994 3554 brachylogia
1009 3471 1203 3556 cogitatione
1218 3471 1366 3556 supplen-

267 3581 335 3650 dum
356 3587 482 3652 Plinius
503 3585 639 3671 reliquit
728 3666 730 3679 Ι
792 3618 802 3626 ·

707 3765 756 3838 58
768 3795 813 3828 --
829 3763 922 3852 10,9.

313 3888 356 3967 Et
382 3895 531 3972 abunde
557 3894 749 3994 praedicta
774 3895 915 3998 ratione
943 3892 1036 3970 caeli
1062 3916 1105 3970 ac
1128 3900 1247 3970 terrae
1268 3916 1367 3971 nuno

314 4023 358 4100 de
383 4026 444 4102 his
469 4026 662 4106 arboribus
685 4028 840 4104 dicimus
867 4049 962 4127 quae
988 4049 1075 4102 cura
1102 4025 1291 4104 hominum
1316 4035 1367 4106 at-

315 4165 474 4253 quearte
500 4161 734 4259 proveniunt.

348 4312 388 4370 m
407 4316 494 4372 recte
515 4311 539 4373 Ι.
562 4329 581 4372 e
604 4309 697 4373 codd.
721 4309 953 4390 edisseruit,
975 4307 1014 4372 es.
1038 4309 1065 4392 ξ.
1088 4308 1166 4392 216,
1202 4329 1264 4395 quo
1297 4310 1369 4376 loco

278 4415 385 4488 Plinius
406 4425 597 4508 ,indicanda
620 4429 674 4509 ait,
691 4434 807 4490 natura
827 4428 898 4489 est}
940 4427 1052 4511 Itaque
1069 4425 1121 4492 hic
1133 4447 1259 4512 quoque
1281 4428 1368 4512 quod

276 4529 303 4594 5¹¹
322 4541 378 4605 cod
398 4542 420 4605 d
443 4551 549 4606 exstat
578 4549 710 4606 dicemus
731 4523 903 4628 legendnm
927 4550 995 4624 est,
1022 4549 1059 4607 tis
1088 4563 1146 4628 pro
1173 4547 1220 4606 bis
1240 4543 1370 4626 linguae

279 4645 388 4734 legibus
408 4661 599 4745 postulatur,
620 4680 727 4746 reque
746 4662 779 4724 in
802 4660 919 4724 talibus
942 4637 1045 4724 rebus
1060 4659 1206 4723 codicum
1219 4653 1370 4725 habendis

1112 4775 1159 4840 3*
1312 4809 1314 4816 ,

1388 3797 1450 3866 314
