3567 5559
679 749 768 812 Lata
789 751 854 812 ΧΧ
861 749 891 812 V.
1277 749 1336 814 141

224 942 357 1012 Galatia
380 945 568 1027 nominarit,
595 945 636 1008 ab
659 900 834 1009 editoribus
857 947 1019 1008 comestus
1040 943 1091 1026 sit,
1114 943 1153 1009 ct.
1174 942 1263 1008 XVI.
1286 944 1337 1011 33.
1407 975 1435 1042 ⁴-
1499 1034 1503 1046 .

224 1061 249 1144 §-
273 1062 339 1130 105
361 1065 451 1126 tiara
473 1066 580 1126 norme
599 1061 725 1126 divisim
747 1060 916 1126 scribenda
937 1065 1016 1124 erat.

655 1232 725 1304 116
752 1251 792 1283 =
822 1231 918 1317 aaa
1273 1266 1275 1269 ·
1357 1209 1421 1275 ΜΟ

273 1357 392 1460 Acini¹
421 1357 657 1460 (cyclamini)
695 1364 834 1442 tantum
860 1357 898 1434 in
923 1381 1004 1449 usu,
1025 1367 1141 1469 ¹gustu
1168 1362 1242 1479 acri
1269 1361 1339 1438 sed

275 1488 394 1584 lenti3
420 1491 605 1569 siccantur
628 1493 699 1570 'etc
1268 1478 1270 1482 ’

308 1644 388 1686 acre
401 1622 476 1688 VR
496 1630 551 1695 aed
570 1629 640 1688 tenti
659 1622 689 1685 V
703 1621 782 1688 Ra⁸
798 1621 819 1685 d
837 1628 961 1692 sceterata·
977 1624 1027 1706 εἰς
1049 1597 1252 1689 scribendum
1273 1630 1338 1690 sat:

226 1760 323 1806 nerea
346 1753 385 1804 et
406 1748 492 1824 tenti,
522 1740 602 1806 sicut
623 1738 761 1804 XXVII.
784 1739 825 1806 22
860 1759 934 1807 acre
960 1753 1082 1820 caeteta
1110 1762 1151 1807 uc
1176 1747 1284 1807 tenram
1306 1749 1368 1813 et.

228 1833 276 1922 hic
299 1859 391 1944 apud
412 1858 560 1923 Diuscor.
581 1856 695 1925 11.194
716 1855 832 1945 δριμὺς
854 1905 862 1921 .
885 1908 892 1924 .
915 1861 972 1923 acl
992 1857 1146 1944 γλισχρός
1169 1858 1297 1944 legitur.

563 2047 577 2064 ·
631 2016 637 2020 ’
658 2003 727 2076 132
740 2031 786 2064 =
801 2002 919 2089 11,83.

273 2101 482 2232 Alopecias
520 2131 693 2210 emendat
730 2129 969 2230 nymphaeae
989 2129 1185 2211 Heracliae
1220 2131 1336 2222 radix,
1359 2049 1419 2204 im

277 2261 308 2336 si
335 2285 413 2338 una
438 2264 543 2340 tritae
561 2262 757 2340 illinantur.

287 2385 451 2459 arenam
468 2365 581 2459 ΜΕ2
603 2402 664 2458 stae
684 2393 737 2458 Ψ.
761 2395 885 2460 Siccam
908 2398 1011 2482 picem
1032 2396 1052 2460 i.
1076 2415 1105 2461 e.
1126 2397 1235 2461 tritam
1259 2416 1334 2460 cen·
1377 2428 1381 2432 ·

233 2512 281 2572 tra
298 2511 462 2598 alopecias
484 2512 591 2579 valere
612 2511 734 2579 XXIV.
756 2513 797 2582 39
822 2513 976 2596 traditur,
1005 2510 1050 2579 se.
1073 2532 1147 2579 uum
1168 2513 1338 2579 Heracliae
1362 2530 1364 2534 ·

232 2625 345 2712 radice,
369 2630 411 2696 cf.
433 2630 578 2696 Dioscor.
586 2628 644 2696 111.
668 2631 737 2696 138.
780 2631 925 2716 Apparet
945 2631 1042 2716 igitur
1063 2631 1144 2717 picis
1167 2631 1202 2703 in
1221 2631 1338 2697 lacuna

233 2745 427 2814 mentionem
447 2747 565 2814 factam
591 2768 675 2832 esee,
706 2768 781 2812 nam
801 2749 955 2814 nonnulla
969 2748 1141 2824 excidisse
1164 2748 1215 2814 rel
1235 2740 1338 2833 prava

235 2866 428 2931 correctione
442 2865 559 2930 codicis
572 2865 616 2929 V²
638 2866 811 2949 indicatur3
834 2865 949 2952 quodsi
962 2865 1072 2932 codice
1090 2889 1111 2932 a
1133 2866 1185 2931 hic
1202 2867 1250 2930 uti
1261 2865 1337 2930 lice-

234 2987 289 3064 ret,
309 2983 411 3048 nihilo
427 2984 531 3068 magia
544 2983 680 3050 fortasse
695 2985 878 3056 coniectura
893 3005 973 3069 opus
987 2990 1083 3067 esset,
1105 3004 1201 3071 quam
1225 2983 1254 3066 ὅ.
1267 2983 1338 3063 147,

236 3100 286 3164 ubi
301 3104 371 3168 cod.
395 3103 441 3192 Vi
461 3106 637 3191 medicatur,
659 3102 741 3168 ΨΒ
761 3107 934 3184 medicetur,
957 3101 1011 3165 ad
1031 3108 1119 3169 recte
1140 3107 1337 3167 medicamen·

237 3221 271 3279 aa
298 3227 440 3288 miscetur
473 3219 602 3284 habent.
653 3219 746 3286 Nunc
777 3220 877 3287 illan
896 3219 1045 3293 lacunam
1080 3220 1226 3305 proximo
1259 3218 1336 3284 nitio

238 3331 263 3415 S.
285 3337 342 3406 133
364 3338 488 3422 expleri
509 3337 653 3402 arbitror.
676 3336 876 3403 Vocabulum
900 3339 984 3402 enim
1000 3343 1139 3403 camma
1159 3335 1246 3423 quod
1266 3335 1338 3400 voci

240 3456 325 3520 radix
345 3454 431 3518 male
453 3454 485 3520 in
509 3455 596 3520 libris
618 3453 709 3521 MSS.
732 3453 870 3538 additur,
893 3455 1062 3520 Pintianus
1083 3454 1252 3520 ferendum
1273 3473 1338 3517 non
1441 3448 1443 3451 ’

213 3545 216 3552 ’
241 3583 305 3633 esse
326 3570 563 3654 animadvertit,
586 3544 858 3658 transponendum
880 3593 953 3638 esse
975 3573 1016 3638 ad
1039 3548 1175 3639 alterum
1194 3595 1224 3636 v.
1244 3576 1338 3635 radix

242 3700 298 3748 nen
317 3690 406 3755 vidit.
450 3689 660 3755 scribendum
684 3710 756 3756 esse
778 3690 930 3755 arbitror:

276 3809 301 3867 c'r'
320 3829 379 3872 uno
403 3813 579 3872 admixta
595 3814 678 3889 pict
699 3815 788 3872 tritae
808 3814 962 3873 illinuntur
986 3817 1047 3887 (sc.
1070 3805 1265 3893 alopecias).

659 3965 729 4039 133
742 3986 781 4016 =
801 3965 918 4050 11,84.
1303 4028 1307 4034 .
1358 3977 1421 4044 542

286 4085 366 4170 item
408 4085 595 4193 lingulaca
613 4151 628 4172 ,.
657 4150 665 4170 .
694 4094 798 4172 cuius
837 4094 943 4170 radix
981 4094 1175 4172 combusta
1210 4092 1339 4170 teritur

289 4244 364 4304 curn
378 4226 487 4328 adipe
514 4227 592 4303 suis
607 4227 753 4327 nigrae;
779 4226 817 4303 id
827 4227 1168 4327 quoqueexcipitur
1191 4234 1232 4302 ut
1258 4227 1351 4303 eius'

289 4356 332 4434 sit
354 4349 432 4438 suis
459 4381 554 4458 quae
580 4382 779 4460 numquam
805 4339 959 4460 peperit.
1027 4348 1034 4361 '

294 4487 456 4564 ,Verbum
478 4499 518 4556 sit
551 4492 644 4557 abest
672 4490 801 4556 alibris
822 4490 915 4555 MSS.
945 4491 999 4577 qui
1020 4498 1086 4556 ctus
1119 4499 1166 4558 ata
1195 4492 1245 4556 vel
1275 4499 1340 4555 etas

249 4607 300 4664 aaa
318 4605 446 4693 habent,
468 4616 555 4675 recte
578 4616 610 4674 ct
632 4610 662 4674 ei
683 4627 747 4696 qna
767 4607 892 4672 Plinius
913 4608 946 4672 in
960 4609 1130 4675 verborum
1152 4609 1255 4694 ellipsi
1278 4609 1339 4672 uti·
1379 4581 1390 4603 ’

251 4717 293 4782 tur
314 4723 450 4794 libertati
479 4728 729 4795 accommodate.
773 4726 820 4791 Oi.
845 4726 1061 4812 Grasberger,
1097 4727 1137 4792 de
1168 4747 1229 4792 usu
1255 4719 1339 4792 Plin.
