3567 5559
720 533 895 603 Ltterll.
1324 552 1367 617 aa

247 709 462 777 mobilitatem
482 708 662 796 legendum
683 734 762 783 esse
781 730 886 787 ratus.
927 726 1039 792 Antea
1060 726 1250 815 legebatur,
1272 740 1362 823 quod

246 850 358 915 nuper
379 830 462 894 lano
484 828 625 913 placuit:
648 842 755 899 truces
774 859 818 901 ex
839 840 924 905 caeli
946 844 1052 931 rigore
1072 843 1149 926 laos,
1172 849 1246 916 illas
1264 854 1362 920 moli-

245 948 339 1012 litate
368 946 498 1011 lebetes
531 948 754 1037 eRhodigini
786 960 931 1024 maxime
962 964 1155 1030 coniectura
1173 966 1270 1035 Lect.
1291 983 1360 1039 ant.

242 1066 373 1145 11111,
404 1066 461 1150 qui
489 1073 599 1146 tamen
626 1066 836 1139 doretillae
865 1078 951 1143 male
979 1082 1156 1149 coniunxit.
1217 1086 1360 1155 Duobus

241 1186 334 1252 vitiis
353 1186 533 1251 etiamnum
553 1184 688 1251 laborat
708 1191 825 1257 oratio.
867 1196 912 1261 Et
924 1198 1064 1282 primum
1076 1202 1209 1287 quidem
1224 1224 1357 1275 murum

241 1306 419 1371 siccorum
435 1301 489 1367 vel
510 1322 705 1370 crassorum
725 1324 921 1394 argumento
951 1317 1035 1383 caeli
1061 1321 1155 1405 rigor
1178 1333 1236 1389 aut
1254 1325 1356 1411 ignea

241 1420 413 1489 mobilitas
429 1418 651 1507 (clt.v1.187)
670 1444 738 1491 non
759 1427 912 1513 habetur,
936 1436 997 1501 sed
1018 1437 1182 1522 proditur,
1205 1462 1311 1528 quare
1335 1466 1355 1511 e

240 1542 402 1608 librorum
421 1538 508 1604 Mss.
530 1540 680 1625 vestigiis

610 1660 802 1727 mobilitates
821 1664 977 1732 lubentes

236 1774 408 1841 efficiatur
438 1784 572 1860 oportet
600 1774 723 1845 lineola
747 1803 813 1867 qua
841 1787 1055 1854 accusativus
1088 1791 1350 1876 significabatur,
1465 1870 1469 1877 ,

234 1896 407 1961 restituta:

532 1976 793 2045 mobilitatem
817 1988 1035 2071 sapientem

235 2095 360 2161 deinde
380 2092 494 2160 ultima
515 2099 620 2163 verba
643 2101 907 2186 transpositione
929 2106 1082 2171 sananda
1102 2120 1187 2173 sunt.
1218 2108 1302 2173 Nam
1317 2120 1350 2175 et

237 2213 333 2297 apud
353 2212 535 2299 Aethiopas
558 2227 592 2279 et
612 2215 766 2284 interris
790 2221 833 2285 ad
859 2225 1122 2309 septentrionem
1140 2226 1213 2293 sitis
1234 2227 1348 2295 varias

149 2398 151 2413 ¹
235 2332 329 2398 feras
349 2342 384 2397 et
404 2332 506 2397 miras
527 2332 685 2402 volucres
705 2339 796 2425 gigni
810 2351 928 2407 narrat
940 2341 1073 2425 Plinius,
1099 2364 1238 2432 quarum
1259 2366 1347 2433 quac

233 2449 554 2536 in‘saltullercynio
567 2455 775 2541 proveniunt,
794 2458 922 2528 x.132.
943 2462 1190 2531 describuntur.
1217 2466 1344 2531 Nostro

230 2590 313 2635 vero
335 2569 413 2634 loco
437 2568 658 2637 Germanicae
683 2572 780 2641 alites
804 2597 872 2643 non
895 2592 1213 2663 commemorantur,
1243 2604 1343 2670 quum

230 2687 456 2773 Aethiopicae
482 2688 625 2755 molesta
647 2694 845 2777 repetitione
873 2697 926 2763 bis
950 2702 1170 2767 nominentur,
1204 2701 1342 2768 Falsum

228 2820 419 2893 utrumque·
467 2810 583 2895 ltaque
605 2810 728 2895 copula
754 2822 823 2879 ete
845 2813 980 2901 vulgata
1002 2818 1179 2901 scriptura,
1201 2837 1342 2901 quacum

229 2928 445 2995 consentiunt
466 2928 566 2994 codd.
586 2928 691 3012 R¹a²‚
714 2942 853 2996 servata
871 2932 1086 2997 scribendum
1108 2943 1176 2997 est:

271 3040 551 3133 licqrauesferus
570 3054 607 3110 et
621 3048 662 3110 in
678 3047 824 3111 multos
837 3044 994 3136 sipiares
1011 3048 1122 3137 piqni
1140 3048 1340 3131 volucres,

275 3162 345 3227 illic
359 3164 470 3227 varim
481 3164 594 3254 cffiqies
607 3163 801 3229 animalium
820 3166 994 3252 provenire
1015 3168 1199 3233 etmaxime
1215 3167 1338 3237 alitum.

637 3313 712 3395 198
726 3311 841 3406 382,
855 3312 917 3389 84.
1353 3334 1395 3400 33

274 3444 524 3521 'l'utissimnm
544 3461 602 3522 ast
616 3473 699 3527 cum
713 3452 833 3530 vibrat
850 3449 1014 3550 (motus)
1030 3450 1215 3549 crispante
1236 3452 1335 3527 aedi-

270 3581 447 3656 ficiorum
469 3584 613 3684 crepitu
640 3599 678 3663 et
711 3615 795 3665 cum
818 3584 1031 3663 intumescit
1056 3584 1260 3685 adsurgens
1285 3588 1334 3662 al-

270 3732 456 3816 ternoque
483 3730 585 3795 motu
606 3724 755 3819 residit,
783 3719 978 3798 ‘innoxium
1008 3728 1046 3795 et
1073 3747 1156 3797 curn
1181 3746 1334 3798 concur·
1406 3800 1411 3805 .

273 3854 394 3928 nentia
430 3860 529 3928 tecta
558 3858 741 3934 contrario
776 3856 854 3932 ictu
890 3855 1064 3949 arietant,
1104 3857 1333 3959 [quoniam

277 3989 398 4063 alter
424 4001 575 4067 motus
604 3992 734 4069 alteri
764 3988 1022 4093 renititur}

302 4139 428 4205 Exulet
449 4140 904 4223 molestumadditameutnm‚
923 4162 990 4229 quo
1011 4142 1230 4231 interpolator
1249 4166 1331 4213 cau-

221 4278 290 4323 sam
316 4278 407 4344 quae
433 4257 500 4321 iam
529 4257 683 4327 ablativis
716 4262 863 4329 breviter
897 4262 1124 4349 significatur,
1162 4266 1329 4351 quomodo

221 4394 322 4463 supra
342 4374 502 4456 „alterno
522 4377 622 4463 pulso
636 4379 826 4447 renitente“
842 4381 1028 4462 dicebatur,
1049 4383 1181 4468 plenius
1201 4383 1329 4451 descri-

219 4492 298 4563 bere
317 4492 437 4563 voluit·
479 4494 629 4564 Finiatur
647 4500 747 4586 igitur
767 4501 936 4567 sententia
956 4503 990 4569 in
1012 4522 1046 4570 v.
1069 4501 1224 4567 arietant.
