3567 5559
437 565 499 632 ut
895 561 997 628 Liber·
1019 561 1083 628 VI.

434 748 588 815 vitiosam
601 766 680 814 aare
694 746 873 814 intellexit:
890 749 1026 816 facilius
1047 758 1157 814 tameo
1180 767 1278 835 quam
1300 745 1464 834 quoditie
1486 765 1545 814 ex·

435 867 596 952 cogitavit
615 867 799 932 remedium
820 875 857 930 ut
874 885 965 951 pone
978 885 1009 932 v.
1021 875 1117 953 parte
1137 877 1428 952 transponeretur,
1450 887 1547 953 repe·

434 986 494 1052 riri
525 997 670 1070 poterat.
727 985 872 1050 Dativus
898 985 986 1050 euim
1015 1004 1117 1050 casus
1144 985 1372 1052 restituendus
1401 997 1472 1065 est,
1510 999 1547 1053 ut

435 1115 547 1169 terras
557 1102 747 1168 fluminibus
757 1104 842 1168 mari
857 1106 1009 1169 invectas
1021 1124 1099 1168 esse
1113 1123 1196 1168 vere
1214 1112 1251 1168 et
1270 1105 1443 1189 aptissime
1466 1125 1545 1170 nar-

435 1234 537 1288 retur.
572 1222 609 1285 ld
634 1221 768 1287 dubium
788 1222 985 1301 remanebit,
1009 1234 1118 1287 utrum
1139 1221 1173 1285 in
1193 1220 1260 1285 bac
1282 1201 1465 1290 mutatione
1486 1245 1546 1291 ao·

434 1342 674 1428 quiescendum
702 1360 781 1407 esse
810 1351 996 1407 statuamus
1017 1361 1061 1406 an
1082 1341 1287 1424 probabilius
1310 1343 1409 1408 etiam
1431 1363 1473 1407 eo
1494 1365 1546 1408 or.

434 1471 503 1526 tum
525 1480 606 1526 esse
627 1461 740 1538 vitium
762 1461 977 1537 arbitremur,
1000 1460 1089 1544 quod
1110 1459 1143 1523 in
1172 1458 1258 1524 libro
1281 1461 1546 1548 protarcbetypo

433 1580 594 1664 scriptum
621 1577 721 1643 fuerit
745 1600 822 1642 ιιιιιι
846 1600 908 1662 nn,
936 1578 1055 1642 litteris
1082 1597 1093 1640 ι
1116 1589 1149 1643 et
1171 1599 1190 1642 ιι
1218 1589 1254 1645 ut
1276 1577 1312 1644 fit
1336 1581 1545 1664 permutatis,

432 1697 522 1762 unde
545 1718 644 1782 quum
666 1699 863 1765 describere
885 1698 1047 1762 deberent
1066 1698 1242 1778 maritari,
1263 1697 1436 1764 effecerint
1456 1699 1545 1765 scri·

433 1817 497 1881 bae
519 1815 622 1880 maris
639 1816 685 1880 ta.

356 2003 416 2070 ur
852 1983 1128 2081 rao=2s‚ea.
1215 1981 1218 1988 ·

485 2155 647 2255 Quidam
674 2165 713 2230 et
738 2154 810 2253 alia
830 2155 874 2230 lI
900 2151 1037 2254 oppida
1061 2151 1179 2252 longis
1205 2150 1408 2230 intervallis
1436 2152 1544 2254 Tigri

480 2287 736 2388 praenavigari
760 2290 923 2382 tradunt,
944 2288 1169 2383 Barbetium,
1195 2313 1284 2363 mox
1306 2289 1542 2385 Thumatam,

481 2423 581 2521 quod
608 2425 740 2498 abesse
766 2448 787 2498 a
811 2425 928 2500 Petra
958 2409 1101 2499 dierum
1128 2423 1165 2500 X
1196 2423 1427 2524 navigatione
1455 2427 1542 2530 (ne-

479 2557 681 2661 gotiatores
710 2559 837 2635 dicunt
868 2559 1168 2635 Characenorum
1200 2560 1282 2661 regi
1310 2562 1470 2664 parere)
1505 2575 1542 2639 et

479 2697 682 2799 Apameam
723 2697 829 2774 sitam
868 2696 931 2773 ubi
962 2698 1187 2798 restagnatio
1219 2696 1424 2799 Euphratis
1457 2724 1542 2774 cnm
1623 2677 1624 2680 Ἴ

481 2834 589 2937 'l'igri
613 2838 785 2913 confluat

512 3004 562 3069 lta
577 3002 725 3092 Silligius
744 3002 954 3087 ecodd.Rd,
974 3002 1039 3067 nisi
1060 2983 1150 3087 quod
1171 2998 1247 3066 ater
1263 3000 1296 3065 in
1308 3001 1462 3066 Rexstat
1479 3023 1539 3088 op·
1623 2995 1624 3020 ¹

428 3123 610 3209 piduruque.
626 3120 832 3188 numnam
853 3142 970 3186 omnes
992 3119 1182 3206 appellant,
1201 3119 1290 3204 quod
1309 3119 1372 3186 iam
1393 3121 1426 3186 in
1446 3133 1540 3188 vetn-
1623 3175 1624 3220 ;

427 3241 490 3304 stis
514 3239 714 3306 editionibus
736 3259 779 3304 ex
799 3236 871 3303 aliis
893 3239 989 3304 libris
1003 3238 1092 3304 falso
1106 3211 1326 3302 termitem
1347 3240 1403 3305 vel
1425 3242 1539 3325 potins

429 3352 627 3418 rtemann·
640 3359 799 3424 scribitur
811 3375 832 3419 a
842 3353 1037 3422 Ptolemaeo
1050 3355 1107 3419 Vl.
1122 3357 1152 3419 7.
1162 3354 1214 3423 33.
1229 3369 1536 3426 commemoratum.

427 3473 647 3540 Consentiunt
667 3475 723 3540 ΘΤ
752 3483 910 3552 eatenus,
941 3473 1030 3557 quoti
1051 3493 1170 3538 vocem
1193 3476 1299 3538 nostri
1324 3493 1410 3558 quae
1436 3473 1538 3560 vulgo

424 3604 504 3664 ante
521 3593 735 3680 nepotiotorcr
748 3592 985 3677 praemittitur,
1000 3591 1160 3660 omittunt.
1205 3591 1540 3688 Gburuccnomrspae

423 3712 524 3798 vulgo
547 3713 704 3778 scribitur
725 3733 746 3777 e
770 3711 884 3792 cndu,
910 3722 946 3778 ut
968 3712 1115 3787 videtur,
1139 3723 1274 3796 praeter
1295 3711 1349 3776 Rd
1370 3712 1537 3780 omnibus.

425 3832 599 3900 Postremo
628 3833 799 3900 inversum
827 3832 979 3900 ordinem
1010 3832 1120 3896 decem
1150 3829 1279 3893 dierum
1312 3849 1429 3895 omues
1461 3829 1537 3895 libri

423 3965 566 4039 excepto
587 3953 620 4017 R
641 3955 797 4020 videntur
819 3952 993 4021 exhibere.
1044 3952 1113 4017 lam
1139 3969 1222 4015 vero
1250 3968 1294 4013 ue
1320 3950 1372 4014 sic
1402 3949 1536 4034 quidem

423 4073 589 4155 quomodo
612 4090 633 4134 a
655 4072 784 4158 silttgto
805 4071 1062 4154 constituuntur,
1091 4087 1177 4134 sana
1197 4087 1276 4133 esse
1302 4069 1408 4132 verba
1434 4067 1536 4133 facile

421 4198 474 4254 est
487 4187 667 4256 intellectu
711 4190 854 4254 Primum
877 4189 965 4250 enirn
987 4207 1053 4250 non
1078 4188 1143 4253 duo
1158 4188 1220 4252 sed
1235 4187 1298 4252 tria
1313 4187 1439 4272 oppida
1453 4208 1533 4254 enu-

421 4315 620 4371 merantnrt-
635 4306 756 4371 deinde
779 4302 939 4389 oppidum
961 4303 1125 4369 i'bnmata
1152 4306 1185 4368 in
1207 4307 1318 4372 medio
1341 4305 1534 4372 continente

421 4429 507 4492 inter
530 4424 663 4490 Petram
685 4435 720 4488 et
740 4421 928 4489 Characem
950 4423 1049 4486 situm
1066 4422 1118 4485 ab
1146 4441 1245 4487 amne
1272 4423 1363 4508 Tigri
1388 4445 1533 4508 prorsus

419 4545 564 4612 alienum
584 4554 654 4612 est:
674 4552 845 4628 postremo
867 4540 1034 4626 quomodo
1055 4539 1268 4626 navigatione
1287 4543 1422 4610 ePetra
1443 4544 1532 4612 Tbu·
