<?xml version="1.0" encoding="UTF-8"?>
<!DOCTYPE html PUBLIC "-//W3C//DTD XHTML 1.0 Transitional//EN"
    "http://www.w3.org/TR/xhtml1/DTD/xhtml1-transitional.dtd">
<html xmlns="http://www.w3.org/1999/xhtml" xml:lang="en" lang="en">
 <head>
  <title>
</title>
<meta http-equiv="Content-Type" content="text/html;charset=utf-8" />
  <meta name='ocr-system' content='tesseract 3.04.00' />
  <meta name='ocr-capabilities' content='ocr_page ocr_carea ocr_par ocr_line ocrx_word'/>
</head>
<body>
  <div class='ocr_page' id='page_1' title='image "./vindiciaeplinia00urligoog_0370.png"; bbox 0 0 3567 5559; ppageno 0'>
   <div class='ocr_carea' id='block_1_1' title="bbox 428 775 1110 867">
    <p class='ocr_par' dir='ltr' id='par_1_1' title="bbox 428 775 1110 867">
     <span class='ocr_line' id='line_1_1' title="bbox 428 775 1110 867; baseline -0.009 -20"><span class='ocrx_word' id='word_1_1' title='bbox 428 779 490 847; x_wconf 80' lang='lat' dir='ltr'>loe</span> <span class='ocrx_word' id='word_1_2' title='bbox 556 842 560 856; x_wconf 85' lang='grc'><strong>,</strong></span> <span class='ocrx_word' id='word_1_3' title='bbox 850 777 939 867; x_wconf 68' lang='lat' dir='ltr'>rrae</span> <span class='ocrx_word' id='word_1_4' title='bbox 955 775 1110 842; x_wconf 77' lang='lat' dir='ltr'>nnrrn.</span> 
     </span>
    </p>
   </div>
   <div class='ocr_carea' id='block_1_2' title="bbox 463 978 1001 1112">
    <p class='ocr_par' dir='ltr' id='par_1_2' title="bbox 463 978 1001 1112">
     <span class='ocr_line' id='line_1_2' title="bbox 481 978 999 1024; baseline -0.01 0"><span class='ocrx_word' id='word_1_5' title='bbox 481 983 672 1024; x_wconf 70' lang='lat' dir='ltr'>chamaam</span> <span class='ocrx_word' id='word_1_6' title='bbox 688 978 773 1024; x_wconf 77' lang='lat' dir='ltr'>vlsvs</span> <span class='ocrx_word' id='word_1_7' title='bbox 787 979 924 1024; x_wconf 67' lang='lat' dir='ltr'>mutante</span> <span class='ocrx_word' id='word_1_8' title='bbox 938 981 999 1020; x_wconf 68' lang='lat' dir='ltr'>Dan</span> 
     </span>
     <span class='ocr_line' id='line_1_3' title="bbox 463 1067 1001 1112; baseline -0.007 -1"><span class='ocrx_word' id='word_1_9' title='bbox 463 1070 657 1112; x_wconf 68' lang='grc' dir='ltr'>·01οΑΤΒΙΟΒΒ</span> <span class='ocrx_word' id='word_1_10' title='bbox 675 1069 835 1110; x_wconf 78' lang='lat' dir='ltr'>OCVLORVM</span> <span class='ocrx_word' id='word_1_11' title='bbox 851 1067 1001 1108; x_wconf 66' lang='lat' dir='ltr'>menan.</span> 
     </span>
    </p>
   </div>
   <div class='ocr_carea' id='block_1_3' title="bbox 427 1153 1612 1476">
    <p class='ocr_par' dir='ltr' id='par_1_3' title="bbox 427 1153 1612 1476">
     <span class='ocr_line' id='line_1_4' title="bbox 427 1153 1534 1242; baseline -0.005 -21"><span class='ocrx_word' id='word_1_12' title='bbox 427 1156 515 1221; x_wconf 89' lang='lat' dir='ltr'>Nihil</span> <span class='ocrx_word' id='word_1_13' title='bbox 542 1155 640 1242; x_wconf 82' lang='lat' dir='ltr'>igitur</span> <span class='ocrx_word' id='word_1_14' title='bbox 671 1155 796 1219; x_wconf 78' lang='lat' dir='ltr'><strong>facilius</strong></span> <span class='ocrx_word' id='word_1_15' title='bbox 824 1154 893 1217; x_wconf 89' lang='lat' dir='ltr'>fieri</span> <span class='ocrx_word' id='word_1_16' title='bbox 920 1153 1023 1238; x_wconf 88' lang='lat' dir='ltr'>potuit</span> <span class='ocrx_word' id='word_1_17' title='bbox 1057 1174 1152 1238; x_wconf 90' lang='lat' dir='ltr'>quam</span> <span class='ocrx_word' id='word_1_18' title='bbox 1174 1162 1210 1219; x_wconf 92' lang='lat' dir='ltr'>ut</span> <span class='ocrx_word' id='word_1_19' title='bbox 1241 1176 1282 1220; x_wconf 86' lang='lat' dir='ltr'>ex</span> <span class='ocrx_word' id='word_1_20' title='bbox 1309 1155 1376 1220; x_wconf 87' lang='lat' dir='ltr'>hae</span> <span class='ocrx_word' id='word_1_21' title='bbox 1408 1153 1534 1240; x_wconf 85' lang='lat' dir='ltr'>syllaba·</span> 
     </span>
     <span class='ocr_line' id='line_1_5' title="bbox 429 1271 1612 1358; baseline -0.002 -20"><span class='ocrx_word' id='word_1_22' title='bbox 429 1296 498 1338; x_wconf 90' lang='lat' dir='ltr'>rum</span> <span class='ocrx_word' id='word_1_23' title='bbox 529 1274 739 1358; x_wconf 80' lang='lat' dir='ltr'>congruentia</span> <span class='ocrx_word' id='word_1_24' title='bbox 764 1272 866 1335; x_wconf 86' lang='lat' dir='ltr'>altera</span> <span class='ocrx_word' id='word_1_25' title='bbox 893 1271 1101 1338; x_wconf 85' lang='lat' dir='ltr'>omitteretur.</span> <span class='ocrx_word' id='word_1_26' title='bbox 1144 1271 1217 1347; x_wconf 80' lang='lat' dir='ltr'>Qua</span> <span class='ocrx_word' id='word_1_27' title='bbox 1242 1275 1399 1340; x_wconf 83' lang='lat' dir='ltr'>restituta</span> <span class='ocrx_word' id='word_1_28' title='bbox 1429 1271 1537 1336; x_wconf 82' lang='lat' dir='ltr'>scriba·</span> <span class='ocrx_word' id='word_1_29' title='bbox 1611 1278 1612 1336; x_wconf 66' lang='lat' dir='ltr'>l</span> 
     </span>
     <span class='ocr_line' id='line_1_6' title="bbox 429 1393 1139 1476; baseline -0.007 -21"><span class='ocrx_word' id='word_1_30' title='bbox 429 1399 481 1455; x_wconf 90' lang='lat' dir='ltr'>tur</span> <span class='ocrx_word' id='word_1_31' title='bbox 503 1396 644 1476; x_wconf 75' lang='lat' dir='ltr'>oportet:</span> <span class='ocrx_word' id='word_1_32' title='bbox 667 1395 731 1468; x_wconf 81' lang='lat' dir='ltr'>dot,</span> <span class='ocrx_word' id='word_1_33' title='bbox 753 1393 910 1453; x_wconf 75' lang='lat' dir='ltr'>cicatrices</span> <span class='ocrx_word' id='word_1_34' title='bbox 934 1426 975 1436; x_wconf 92' lang='grc'>--</span> <span class='ocrx_word' id='word_1_35' title='bbox 997 1394 1139 1452; x_wconf 83' lang='lat' dir='ltr'>emendat.</span> 
     </span>
    </p>
   </div>
   <div class='ocr_carea' id='block_1_4' title="bbox 348 1504 1541 1873">
    <p class='ocr_par' dir='ltr' id='par_1_4' title="bbox 348 1504 1541 1873">
     <span class='ocr_line' id='line_1_7' title="bbox 348 1504 1317 1625; baseline -0.001 -40"><span class='ocrx_word' id='word_1_36' title='bbox 348 1535 411 1604; x_wconf 75' lang='lat'>610</span> <span class='ocrx_word' id='word_1_37' title='bbox 487 1609 496 1625; x_wconf 20' lang='grc' dir='ltr'><strong>Ν</strong></span> <span class='ocrx_word' id='word_1_38' title='bbox 656 1511 890 1598; x_wconf 55' lang='grc'>1162839.</span> <span class='ocrx_word' id='word_1_39' title='bbox 919 1504 986 1600; x_wconf 82' lang='lat' dir='ltr'>(de</span> <span class='ocrx_word' id='word_1_40' title='bbox 1015 1506 1317 1602; x_wconf 80' lang='lat' dir='ltr'>chamaeleone).</span> 
     </span>
     <span class='ocr_line' id='line_1_8' title="bbox 481 1637 1541 1720; baseline -0.006 -2"><span class='ocrx_word' id='word_1_41' title='bbox 481 1641 632 1718; x_wconf 82' lang='lat' dir='ltr'>Armnm</span> <span class='ocrx_word' id='word_1_42' title='bbox 677 1639 845 1716; x_wconf 84' lang='lat' dir='ltr'>dextrum</span> <span class='ocrx_word' id='word_1_43' title='bbox 873 1639 920 1715; x_wconf 89' lang='lat' dir='ltr'>ad</span> <span class='ocrx_word' id='word_1_44' title='bbox 957 1639 1165 1718; x_wconf 83' lang='lat' dir='ltr'>vincendos</span> <span class='ocrx_word' id='word_1_45' title='bbox 1202 1643 1449 1720; x_wconf 83' lang='lat' dir='ltr'>adversarios</span> <span class='ocrx_word' id='word_1_46' title='bbox 1488 1637 1541 1714; x_wconf 86' lang='lat' dir='ltr'>vel</span> 
     </span>
     <span class='ocr_line' id='line_1_9' title="bbox 479 1758 1541 1873; baseline -0.006 -21"><span class='ocrx_word' id='word_1_47' title='bbox 479 1773 608 1852; x_wconf 87' lang='lat' dir='ltr'>hostes</span> <span class='ocrx_word' id='word_1_48' title='bbox 636 1758 925 1873; x_wconf 57' lang='lat' dir='ltr'>valercsuliqne</span> <span class='ocrx_word' id='word_1_49' title='bbox 952 1773 982 1850; x_wconf 87' lang='lat' dir='ltr'>si</span> <span class='ocrx_word' id='word_1_50' title='bbox 1009 1773 1174 1851; x_wconf 88' lang='lat' dir='ltr'>abiectos</span> <span class='ocrx_word' id='word_1_51' title='bbox 1207 1775 1380 1852; x_wconf 86' lang='lat' dir='ltr'>eiusdem</span> <span class='ocrx_word' id='word_1_52' title='bbox 1410 1794 1541 1850; x_wconf 86' lang='lat' dir='ltr'>nervos</span> 
     </span>
    </p>
   </div>
   <div class='ocr_carea' id='block_1_5' title="bbox 432 1906 1541 2247">
    <p class='ocr_par' dir='ltr' id='par_1_5' title="bbox 432 1906 1541 2247">
     <span class='ocr_line' id='line_1_10' title="bbox 482 1906 1000 2001; baseline -0.008 -16"><span class='ocrx_word' id='word_1_53' title='bbox 482 1907 697 2001; x_wconf 83' lang='lat' dir='ltr'>calcaverit3</span> <span class='ocrx_word' id='word_1_54' title='bbox 723 1906 909 1983; x_wconf 88' lang='lat' dir='ltr'>sinistrum</span> <span class='ocrx_word' id='word_1_55' title='bbox 932 1912 1000 1982; x_wconf 89' lang='lat' dir='ltr'>etc.</span> 
     </span>
     <span class='ocr_line' id='line_1_11' title="bbox 515 2033 1541 2126; baseline -0.01 -20"><span class='ocrx_word' id='word_1_56' title='bbox 515 2041 594 2116; x_wconf 75' lang='lat' dir='ltr'>Quis</span> <span class='ocrx_word' id='word_1_57' title='bbox 621 2040 723 2105; x_wconf 83' lang='lat' dir='ltr'>caleat</span> <span class='ocrx_word' id='word_1_58' title='bbox 751 2040 888 2104; x_wconf 75' lang='lat' dir='ltr'>nervos?</span> <span class='ocrx_word' id='word_1_59' title='bbox 923 2040 950 2104; x_wconf 84' lang='lat' dir='ltr'>is</span> <span class='ocrx_word' id='word_1_60' title='bbox 979 2038 1065 2104; x_wconf 88' lang='lat' dir='ltr'>haud</span> <span class='ocrx_word' id='word_1_61' title='bbox 1099 2038 1194 2103; x_wconf 90' lang='lat' dir='ltr'>dubie</span> <span class='ocrx_word' id='word_1_62' title='bbox 1223 2039 1277 2126; x_wconf 91' lang='lat' dir='ltr'>qni</span> <span class='ocrx_word' id='word_1_63' title='bbox 1305 2033 1401 2104; x_wconf 85' lang='lat' dir='ltr'>armo</span> <span class='ocrx_word' id='word_1_64' title='bbox 1432 2044 1541 2102; x_wconf 89' lang='lat' dir='ltr'>utetur.</span> 
     </span>
     <span class='ocr_line' id='line_1_12' title="bbox 432 2157 1115 2247; baseline -0.004 -22"><span class='ocrx_word' id='word_1_65' title='bbox 432 2157 546 2247; x_wconf 85' lang='lat' dir='ltr'>Itaque</span> <span class='ocrx_word' id='word_1_66' title='bbox 568 2158 691 2223; x_wconf 79' lang='lat' dir='ltr'>scribe:</span> <span class='ocrx_word' id='word_1_67' title='bbox 735 2163 934 2234; x_wconf 80' lang='lat' dir='ltr'>calcaveris;</span> <span class='ocrx_word' id='word_1_68' title='bbox 956 2163 1115 2247; x_wconf 69' lang='lat' dir='ltr'>sinistram.</span> 
     </span>
    </p>
   </div>
   <div class='ocr_carea' id='block_1_6' title="bbox 350 2275 1539 2619">
    <p class='ocr_par' dir='ltr' id='par_1_6' title="bbox 350 2275 1539 2619">
     <span class='ocr_line' id='line_1_13' title="bbox 849 2275 1137 2352; baseline -0.003 0"><span class='ocrx_word' id='word_1_69' title='bbox 849 2275 1137 2352; x_wconf 78' lang='lat' dir='ltr'>117=ioidem</span> 
     </span>
     <span class='ocr_line' id='line_1_14' title="bbox 350 2385 1539 2508; baseline -0.005 -24"><span class='ocrx_word' id='word_1_70' title='bbox 350 2385 410 2453; x_wconf 66' lang='lat'>⁶¹¹</span> <span class='ocrx_word' id='word_1_71' title='bbox 463 2408 583 2484; x_wconf 78' lang='lat' dir='ltr'>‚ldem</span> <span class='ocrx_word' id='word_1_72' title='bbox 611 2418 798 2508; x_wconf 87' lang='lat' dir='ltr'>praestare</span> <span class='ocrx_word' id='word_1_73' title='bbox 830 2411 978 2485; x_wconf 87' lang='lat' dir='ltr'>narrant</span> <span class='ocrx_word' id='word_1_74' title='bbox 1004 2408 1110 2485; x_wconf 88' lang='lat' dir='ltr'>ioenr</span> <span class='ocrx_word' id='word_1_75' title='bbox 1136 2465 1144 2485; x_wconf 85' lang='lat'><strong>.</strong></span> <span class='ocrx_word' id='word_1_76' title='bbox 1173 2461 1182 2484; x_wconf 90' lang='lat'><strong>.</strong></span> <span class='ocrx_word' id='word_1_77' title='bbox 1211 2467 1218 2484; x_wconf 90' lang='lat'><strong>.</strong></span> <span class='ocrx_word' id='word_1_78' title='bbox 1247 2405 1539 2486; x_wconf 85' lang='lat' dir='ltr'>melancholicos</span> 
     </span>
     <span class='ocr_line' id='line_1_15' title="bbox 386 2537 1539 2619; baseline -0.006 -1"><span class='ocrx_word' id='word_1_79' title='bbox 386 2543 389 2547; x_wconf 79' lang='grc'>’</span> <span class='ocrx_word' id='word_1_80' title='bbox 452 2596 457 2604; x_wconf 62' lang='lat'><em>„</em></span> <span class='ocrx_word' id='word_1_81' title='bbox 481 2542 730 2618; x_wconf 87' lang='lat' dir='ltr'>autemsanari</span> <span class='ocrx_word' id='word_1_82' title='bbox 747 2543 777 2617; x_wconf 93' lang='lat' dir='ltr'>si</span> <span class='ocrx_word' id='word_1_83' title='bbox 794 2564 841 2617; x_wconf 86' lang='lat' dir='ltr'>ex</span> <span class='ocrx_word' id='word_1_84' title='bbox 860 2542 961 2619; x_wconf 82' lang='lat' dir='ltr'>corio</span> <span class='ocrx_word' id='word_1_85' title='bbox 982 2540 1257 2619; x_wconf 82' lang='lat' dir='ltr'>chamaeleonis</span> <span class='ocrx_word' id='word_1_86' title='bbox 1274 2563 1391 2617; x_wconf 88' lang='lat' dir='ltr'>sucus</span> <span class='ocrx_word' id='word_1_87' title='bbox 1404 2537 1539 2616; x_wconf 86' lang='lat' dir='ltr'>herbae</span> 
     </span>
    </p>
   </div>
   <div class='ocr_carea' id='block_1_7' title="bbox 323 2675 1561 3713">
    <p class='ocr_par' dir='ltr' id='par_1_7' title="bbox 480 2675 1265 2776">
     <span class='ocr_line' id='line_1_16' title="bbox 480 2675 1265 2776; baseline -0.011 -25"><span class='ocrx_word' id='word_1_88' title='bbox 480 2681 631 2775; x_wconf 87' lang='lat' dir='ltr'>tepente</span> <span class='ocrx_word' id='word_1_89' title='bbox 658 2675 810 2752; x_wconf 87' lang='lat' dir='ltr'>bibatur.</span> <span class='ocrx_word' id='word_1_90' title='bbox 881 2765 887 2776; x_wconf 16' lang='grc' dir='ltr'><strong><em>λ</em></strong></span> <span class='ocrx_word' id='word_1_91' title='bbox 1263 2756 1265 2760; x_wconf 85' lang='lat'>.</span> 
     </span>
    </p>

    <p class='ocr_par' dir='ltr' id='par_1_8' title="bbox 323 2802 1561 3136">
     <span class='ocr_line' id='line_1_17' title="bbox 493 2802 1538 2891; baseline -0.009 -18"><span class='ocrx_word' id='word_1_92' title='bbox 493 2806 558 2873; x_wconf 90' lang='lat' dir='ltr'>Per</span> <span class='ocrx_word' id='word_1_93' title='bbox 579 2814 681 2873; x_wconf 90' lang='lat' dir='ltr'>totum</span> <span class='ocrx_word' id='word_1_94' title='bbox 703 2815 799 2891; x_wconf 89' lang='lat' dir='ltr'>caput</span> <span class='ocrx_word' id='word_1_95' title='bbox 820 2827 859 2872; x_wconf 86' lang='lat' dir='ltr'>ea</span> <span class='ocrx_word' id='word_1_96' title='bbox 880 2826 963 2891; x_wconf 87' lang='lat' dir='ltr'>quae</span> <span class='ocrx_word' id='word_1_97' title='bbox 986 2827 1005 2869; x_wconf 92' lang='lat' dir='ltr'>a</span> <span class='ocrx_word' id='word_1_98' title='bbox 1027 2803 1211 2871; x_wconf 87' lang='lat' dir='ltr'>Democrito</span> <span class='ocrx_word' id='word_1_99' title='bbox 1240 2805 1280 2870; x_wconf 90' lang='lat' dir='ltr'>de</span> <span class='ocrx_word' id='word_1_100' title='bbox 1302 2802 1538 2871; x_wconf 82' lang='lat' dir='ltr'>chamaeleonis</span> 
     </span>
     <span class='ocr_line' id='line_1_18' title="bbox 327 2914 1539 3012; baseline -0.009 -20"><span class='ocrx_word' id='word_1_101' title='bbox 327 2914 329 2917; x_wconf 31' lang='lat'>⁵</span> <span class='ocrx_word' id='word_1_102' title='bbox 434 2925 577 2992; x_wconf 85' lang='lat' dir='ltr'>efficacia</span> <span class='ocrx_word' id='word_1_103' title='bbox 598 2926 715 2991; x_wconf 87' lang='lat' dir='ltr'>tradita</span> <span class='ocrx_word' id='word_1_104' title='bbox 743 2931 841 2996; x_wconf 87' lang='lat' dir='ltr'>erant</span> <span class='ocrx_word' id='word_1_105' title='bbox 862 2930 1078 3009; x_wconf 84' lang='lat' dir='ltr'>exponuntur:</span> <span class='ocrx_word' id='word_1_106' title='bbox 1113 2922 1153 2987; x_wconf 91' lang='lat' dir='ltr'>de</span> <span class='ocrx_word' id='word_1_107' title='bbox 1175 2923 1265 2987; x_wconf 85' lang='lat' dir='ltr'>cuiue</span> <span class='ocrx_word' id='word_1_108' title='bbox 1295 2931 1473 3012; x_wconf 88' lang='lat' dir='ltr'>praecepto</span> <span class='ocrx_word' id='word_1_109' title='bbox 1494 2919 1539 2984; x_wconf 89' lang='lat' dir='ltr'>hic</span> 
     </span>
     <span class='ocr_line' id='line_1_19' title="bbox 323 3039 1561 3136; baseline -0.007 -27"><span class='ocrx_word' id='word_1_110' title='bbox 323 3101 332 3116; x_wconf 80' lang='grc'><strong><em>,</em></strong></span> <span class='ocrx_word' id='word_1_111' title='bbox 434 3064 560 3131; x_wconf 87' lang='lat' dir='ltr'>quoque</span> <span class='ocrx_word' id='word_1_112' title='bbox 583 3045 636 3129; x_wconf 85' lang='lat' dir='ltr'>agi</span> <span class='ocrx_word' id='word_1_113' title='bbox 666 3043 804 3107; x_wconf 89' lang='lat' dir='ltr'>lectione</span> <span class='ocrx_word' id='word_1_114' title='bbox 827 3041 896 3107; x_wconf 87' lang='lat' dir='ltr'>cod.</span> <span class='ocrx_word' id='word_1_115' title='bbox 920 3039 949 3102; x_wconf 91' lang='lat' dir='ltr'>V</span> <span class='ocrx_word' id='word_1_116' title='bbox 970 3047 1109 3104; x_wconf 77' lang='lat' dir='ltr'>narratio</span> <span class='ocrx_word' id='word_1_117' title='bbox 1143 3063 1199 3105; x_wconf 87' lang='lat' dir='ltr'>cm·</span> <span class='ocrx_word' id='word_1_118' title='bbox 1221 3042 1399 3120; x_wconf 73' lang='lat' dir='ltr'>indicatur,</span> <span class='ocrx_word' id='word_1_119' title='bbox 1436 3043 1561 3136; x_wconf 78' lang='lat' dir='ltr'>itaque·</span> 
     </span>
    </p>

    <p class='ocr_par' dir='ltr' id='par_1_9' title="bbox 433 3159 1537 3713">
     <span class='ocr_line' id='line_1_20' title="bbox 434 3159 1537 3247; baseline -0.005 -22"><span class='ocrx_word' id='word_1_120' title='bbox 434 3160 636 3226; x_wconf 84' lang='lat' dir='ltr'>scribendum</span> <span class='ocrx_word' id='word_1_121' title='bbox 663 3166 728 3224; x_wconf 85' lang='lat' dir='ltr'>est:</span> <span class='ocrx_word' id='word_1_122' title='bbox 762 3171 872 3222; x_wconf 80' lang='lat' dir='ltr'>narrat</span> <span class='ocrx_word' id='word_1_123' title='bbox 904 3167 998 3224; x_wconf 75' lang='lat' dir='ltr'>iocur.</span> <span class='ocrx_word' id='word_1_124' title='bbox 1042 3159 1173 3223; x_wconf 80' lang='lat' dir='ltr'>Herbae</span> <span class='ocrx_word' id='word_1_125' title='bbox 1203 3179 1320 3224; x_wconf 91' lang='lat' dir='ltr'>nomen</span> <span class='ocrx_word' id='word_1_126' title='bbox 1356 3165 1537 3247; x_wconf 88' lang='lat' dir='ltr'>corruptum</span> 
     </span>
     <span class='ocr_line' id='line_1_21' title="bbox 433 3275 1537 3358; baseline -0.006 -15"><span class='ocrx_word' id='word_1_127' title='bbox 433 3280 530 3344; x_wconf 88' lang='lat' dir='ltr'>lanue</span> <span class='ocrx_word' id='word_1_128' title='bbox 566 3278 689 3342; x_wconf 81' lang='lat' dir='ltr'>collatio</span> <span class='ocrx_word' id='word_1_129' title='bbox 719 3277 798 3340; x_wconf 84' lang='lat' dir='ltr'>locis</span> <span class='ocrx_word' id='word_1_130' title='bbox 829 3276 920 3340; x_wconf 85' lang='lat' dir='ltr'>XXI.</span> <span class='ocrx_word' id='word_1_131' title='bbox 943 3277 1019 3358; x_wconf 76' lang='lat'>159,</span> <span class='ocrx_word' id='word_1_132' title='bbox 1043 3275 1149 3342; x_wconf 87' lang='lat' dir='ltr'>XXV.</span> <span class='ocrx_word' id='word_1_133' title='bbox 1172 3277 1213 3344; x_wconf 79' lang='lat'>12</span> <span class='ocrx_word' id='word_1_134' title='bbox 1247 3277 1423 3343; x_wconf 85' lang='lat' dir='ltr'>emendare</span> <span class='ocrx_word' id='word_1_135' title='bbox 1457 3281 1537 3344; x_wconf 77' lang='lat' dir='ltr'>recte</span> 
     </span>
     <span class='ocr_line' id='line_1_22' title="bbox 433 3371 1536 3483; baseline -0.003 -23"><span class='ocrx_word' id='word_1_136' title='bbox 433 3417 605 3483; x_wconf 80' lang='lat' dir='ltr'>eggressus</span> <span class='ocrx_word' id='word_1_137' title='bbox 638 3402 696 3459; x_wconf 85' lang='lat' dir='ltr'>eat.</span> <span class='ocrx_word' id='word_1_138' title='bbox 740 3393 844 3467; x_wconf 85' lang='lat' dir='ltr'>Quum</span> <span class='ocrx_word' id='word_1_139' title='bbox 868 3400 975 3457; x_wconf 86' lang='lat' dir='ltr'>tamen</span> <span class='ocrx_word' id='word_1_140' title='bbox 1008 3394 1041 3456; x_wconf 92' lang='lat' dir='ltr'>in</span> <span class='ocrx_word' id='word_1_141' title='bbox 1062 3371 1214 3458; x_wconf 80' lang='lat' dir='ltr'>librorum</span> <span class='ocrx_word' id='word_1_142' title='bbox 1246 3397 1438 3480; x_wconf 82' lang='lat' dir='ltr'>optimorum</span> <span class='ocrx_word' id='word_1_143' title='bbox 1474 3416 1536 3461; x_wconf 89' lang='lat' dir='ltr'>cor·</span> 
     </span>
     <span class='ocr_line' id='line_1_23' title="bbox 433 3511 1537 3600; baseline -0.005 -22"><span class='ocrx_word' id='word_1_144' title='bbox 433 3513 566 3600; x_wconf 85' lang='lat' dir='ltr'>ruptelis</span> <span class='ocrx_word' id='word_1_145' title='bbox 588 3517 723 3587; x_wconf 80' lang='lat' dir='ltr'>debente,</span> <span class='ocrx_word' id='word_1_146' title='bbox 757 3516 880 3573; x_wconf 76' lang='lat' dir='ltr'>habente</span> <span class='ocrx_word' id='word_1_147' title='bbox 903 3515 1017 3574; x_wconf 89' lang='lat' dir='ltr'>eadem</span> <span class='ocrx_word' id='word_1_148' title='bbox 1038 3512 1219 3575; x_wconf 86' lang='lat' dir='ltr'>terminatio</span> <span class='ocrx_word' id='word_1_149' title='bbox 1242 3511 1437 3600; x_wconf 64' lang='lat' dir='ltr'>retierietnr,</span> <span class='ocrx_word' id='word_1_150' title='bbox 1478 3529 1537 3577; x_wconf 93' lang='lat' dir='ltr'>non</span> 
     </span>
     <span class='ocr_line' id='line_1_24' title="bbox 434 3627 1344 3713; baseline -0.005 -15"><span class='ocrx_word' id='word_1_151' title='bbox 434 3638 576 3698; x_wconf 81' lang='lat' dir='ltr'>Hetentac</span> <span class='ocrx_word' id='word_1_152' title='bbox 598 3630 656 3696; x_wconf 84' lang='lat' dir='ltr'>aed</span> <span class='ocrx_word' id='word_1_153' title='bbox 677 3633 887 3709; x_wconf 80' lang='lat' dir='ltr'>aepeattoe</span> <span class='ocrx_word' id='word_1_154' title='bbox 909 3627 1082 3713; x_wconf 84' lang='lat' dir='ltr'>legendum</span> <span class='ocrx_word' id='word_1_155' title='bbox 1105 3647 1177 3692; x_wconf 84' lang='lat' dir='ltr'>esse</span> <span class='ocrx_word' id='word_1_156' title='bbox 1199 3627 1344 3694; x_wconf 88' lang='lat' dir='ltr'>arbitror.</span> 
     </span>
    </p>
   </div>
   <div class='ocr_carea' id='block_1_8' title="bbox 351 3750 1535 4217">
    <p class='ocr_par' dir='ltr' id='par_1_10' title="bbox 351 3750 1535 4217">
     <span class='ocr_line' id='line_1_25' title="bbox 351 3750 1108 3854; baseline -0.042 0"><span class='ocrx_word' id='word_1_157' title='bbox 351 3784 413 3854; x_wconf 82' lang='lat'>612</span> <span class='ocrx_word' id='word_1_158' title='bbox 872 3750 938 3822; x_wconf 84' lang='lat'>121</span> <span class='ocrx_word' id='word_1_159' title='bbox 955 3777 999 3808; x_wconf 92' lang='lat'><strong><em>=</em></strong></span> <span class='ocrx_word' id='word_1_160' title='bbox 1013 3751 1108 3835; x_wconf 85' lang='lat'><strong>8,31.</strong></span> 
     </span>
     <span class='ocr_line' id='line_1_26' title="bbox 483 3878 1068 3982; baseline -0.012 -24"><span class='ocrx_word' id='word_1_161' title='bbox 483 3929 529 3940; x_wconf 91' lang='lat'>-</span> <span class='ocrx_word' id='word_1_162' title='bbox 557 3885 593 3959; x_wconf 88' lang='lat' dir='ltr'>ln</span> <span class='ocrx_word' id='word_1_163' title='bbox 619 3883 771 3982; x_wconf 83' lang='lat' dir='ltr'>inguina</span> <span class='ocrx_word' id='word_1_164' title='bbox 797 3878 996 3978; x_wconf 81' lang='lat' dir='ltr'>adalligata</span> <span class='ocrx_word' id='word_1_165' title='bbox 1023 3924 1068 3933; x_wconf 76' lang='lat'>--</span> 
     </span>
     <span class='ocr_line' id='line_1_27' title="bbox 516 4012 1534 4095; baseline 0 -17"><span class='ocrx_word' id='word_1_166' title='bbox 516 4022 547 4078; x_wconf 82' lang='lat' dir='ltr'>ta</span> <span class='ocrx_word' id='word_1_167' title='bbox 582 4022 702 4092; x_wconf 66' lang='lat' dir='ltr'>aomina</span> <span class='ocrx_word' id='word_1_168' title='bbox 724 4012 837 4095; x_wconf 83' lang='lat' dir='ltr'>de&#39;,</span> <span class='ocrx_word' id='word_1_169' title='bbox 874 4013 959 4076; x_wconf 89' lang='lat' dir='ltr'>unde</span> <span class='ocrx_word' id='word_1_170' title='bbox 994 4019 1194 4078; x_wconf 81' lang='lat' dir='ltr'>constantem</span> <span class='ocrx_word' id='word_1_171' title='bbox 1223 4013 1316 4076; x_wconf 89' lang='lat' dir='ltr'>Plinii</span> <span class='ocrx_word' id='word_1_172' title='bbox 1349 4019 1534 4078; x_wconf 84' lang='lat' dir='ltr'>structuram</span> 
     </span>
     <span class='ocr_line' id='line_1_28' title="bbox 435 4127 1535 4217; baseline 0 -21"><span class='ocrx_word' id='word_1_173' title='bbox 435 4131 534 4196; x_wconf 72' lang='lat' dir='ltr'>dativi</span> <span class='ocrx_word' id='word_1_174' title='bbox 556 4130 602 4194; x_wconf 82' lang='lat' dir='ltr'>sio</span> <span class='ocrx_word' id='word_1_175' title='bbox 623 4133 756 4211; x_wconf 80' lang='lat' dir='ltr'>reatitno</span> <span class='ocrx_word' id='word_1_176' title='bbox 779 4137 918 4208; x_wconf 74' lang='lat' dir='ltr'>inquiat</span> <span class='ocrx_word' id='word_1_177' title='bbox 940 4137 1032 4196; x_wconf 78' lang='lat' dir='ltr'>adoll.</span> <span class='ocrx_word' id='word_1_178' title='bbox 1056 4133 1084 4214; x_wconf 61' lang='grc' dir='ltr'>ᾖ.</span> <span class='ocrx_word' id='word_1_179' title='bbox 1107 4131 1168 4200; x_wconf 87' lang='grc'>126</span> <span class='ocrx_word' id='word_1_180' title='bbox 1189 4152 1226 4196; x_wconf 81' lang='lat' dir='ltr'>ne</span> <span class='ocrx_word' id='word_1_181' title='bbox 1247 4138 1334 4196; x_wconf 87' lang='lat' dir='ltr'>recte</span> <span class='ocrx_word' id='word_1_182' title='bbox 1357 4131 1453 4217; x_wconf 80' lang='lat' dir='ltr'>vulgo</span> <span class='ocrx_word' id='word_1_183' title='bbox 1477 4127 1535 4215; x_wconf 82' lang='lat' dir='ltr'>legi</span> 
     </span>
    </p>
   </div>
   <div class='ocr_carea' id='block_1_9' title="bbox 353 4246 1120 4447">
    <p class='ocr_par' dir='ltr' id='par_1_11' title="bbox 353 4246 1120 4447">
     <span class='ocr_line' id='line_1_29' title="bbox 434 4246 1022 4316; baseline 0.002 -3"><span class='ocrx_word' id='word_1_184' title='bbox 434 4246 633 4314; x_wconf 77' lang='lat' dir='ltr'>Dioscoridie</span> <span class='ocrx_word' id='word_1_185' title='bbox 653 4248 724 4312; x_wconf 90' lang='lat' dir='ltr'>loeo</span> <span class='ocrx_word' id='word_1_186' title='bbox 746 4248 789 4311; x_wconf 82' lang='grc' dir='ltr'>Π.</span> <span class='ocrx_word' id='word_1_187' title='bbox 812 4249 853 4316; x_wconf 78' lang='grc'>77</span> <span class='ocrx_word' id='word_1_188' title='bbox 877 4248 1022 4314; x_wconf 87' lang='lat' dir='ltr'>efficitur.</span> 
     </span>
     <span class='ocr_line' id='line_1_30' title="bbox 353 4359 1120 4447; baseline 0.004 -18"><span class='ocrx_word' id='word_1_189' title='bbox 353 4377 414 4447; x_wconf 65' lang='lat'>613</span> <span class='ocrx_word' id='word_1_190' title='bbox 718 4385 729 4398; x_wconf 62' lang='lat'>²</span> <span class='ocrx_word' id='word_1_191' title='bbox 860 4359 928 4430; x_wconf 79' lang='grc'>127</span> <span class='ocrx_word' id='word_1_192' title='bbox 957 4379 996 4408; x_wconf 89' lang='lat'><strong><em>=</em></strong></span> <span class='ocrx_word' id='word_1_193' title='bbox 1026 4359 1120 4445; x_wconf 78' lang='lat' dir='ltr'>o,33.</span> 
     </span>
    </p>
   </div>
   <div class='ocr_carea' id='block_1_10' title="bbox 483 4475 1533 4576">
    <p class='ocr_par' dir='ltr' id='par_1_12' title="bbox 483 4475 1533 4598">
     <span class='ocr_line' id='line_1_31' title="bbox 483 4475 1533 4576; baseline -0.002 -14"><span class='ocrx_word' id='word_1_194' title='bbox 483 4485 624 4563; x_wconf 87' lang='lat' dir='ltr'>Bibitur</span> <span class='ocrx_word' id='word_1_195' title='bbox 639 4490 762 4561; x_wconf 87' lang='lat' dir='ltr'>autem</span> <span class='ocrx_word' id='word_1_196' title='bbox 780 4483 857 4576; x_wconf 84' lang='lat' dir='ltr'>(lae</span> <span class='ocrx_word' id='word_1_197' title='bbox 872 4483 1074 4575; x_wconf 83' lang='lat' dir='ltr'>schiston),</span> <span class='ocrx_word' id='word_1_198' title='bbox 1102 4475 1357 4564; x_wconf 86' lang='lat' dir='ltr'>eficacissime</span> <span class='ocrx_word' id='word_1_199' title='bbox 1384 4485 1533 4564; x_wconf 88' lang='lat' dir='ltr'>heminis</span> 
     </span>
    </p>
   </div>
   <div class='ocr_carea' id='block_1_11' title="bbox 484 4616 1532 4833">
    <p class='ocr_par' dir='ltr' id='par_1_13' title="bbox 484 4616 1616 4880">
     <span class='ocr_line' id='line_1_32' title="bbox 484 4616 1531 4718; baseline -0.004 -22"><span class='ocrx_word' id='word_1_200' title='bbox 484 4642 551 4718; x_wconf 79' lang='lat' dir='ltr'>per</span> <span class='ocrx_word' id='word_1_201' title='bbox 576 4616 769 4696; x_wconf 84' lang='lat' dir='ltr'>intervalla</span> <span class='ocrx_word' id='word_1_202' title='bbox 794 4616 952 4716; x_wconf 79' lang='lat' dir='ltr'>singulis</span> <span class='ocrx_word' id='word_1_203' title='bbox 982 4618 1114 4694; x_wconf 84' lang='lat' dir='ltr'>diebus</span> <span class='ocrx_word' id='word_1_204' title='bbox 1141 4620 1281 4718; x_wconf 79' lang='lat' dir='ltr'>quinis3</span> <span class='ocrx_word' id='word_1_205' title='bbox 1317 4619 1449 4696; x_wconf 88' lang='lat' dir='ltr'>melius</span> <span class='ocrx_word' id='word_1_206' title='bbox 1475 4619 1531 4696; x_wconf 86' lang='lat' dir='ltr'>rel.</span> 
     </span>
     <span class='ocr_line' id='line_1_33' title="bbox 520 4749 1532 4833; baseline 0.004 -21"><span class='ocrx_word' id='word_1_207' title='bbox 520 4751 626 4814; x_wconf 86' lang='lat' dir='ltr'>Oeteri</span> <span class='ocrx_word' id='word_1_208' title='bbox 649 4750 776 4814; x_wconf 83' lang='lat' dir='ltr'>codices</span> <span class='ocrx_word' id='word_1_209' title='bbox 809 4771 865 4833; x_wconf 88' lang='lat' dir='ltr'>pro</span> <span class='ocrx_word' id='word_1_210' title='bbox 887 4755 1012 4828; x_wconf 58' lang='lat' dir='ltr'>stabatis</span> <span class='ocrx_word' id='word_1_211' title='bbox 1047 4749 1199 4815; x_wconf 85' lang='lat' dir='ltr'>exhibent</span> <span class='ocrx_word' id='word_1_212' title='bbox 1220 4758 1308 4833; x_wconf 79' lang='lat' dir='ltr'>eolis,</span> <span class='ocrx_word' id='word_1_213' title='bbox 1342 4753 1387 4816; x_wconf 70' lang='lat' dir='ltr'>R‘</span> <span class='ocrx_word' id='word_1_214' title='bbox 1407 4758 1486 4818; x_wconf 68' lang='lat' dir='ltr'>oots&#39;</span> <span class='ocrx_word' id='word_1_215' title='bbox 1499 4758 1532 4832; x_wconf 80' lang='lat' dir='ltr'>ta,</span> 
     </span>
    </p>
   </div>
   <div class='ocr_carea' id='block_1_12' title="bbox 0 0 1788 5559">
    <p class='ocr_par' dir='ltr' id='par_1_14' title="bbox 0 0 1788 5559">
     <span class='ocr_line' id='line_1_34' title="bbox 0 0 1788 5559; baseline 0 3"><span class='ocrx_word' id='word_1_216' title='bbox 0 0 1788 5559; x_wconf 95' lang='lat' dir='ltr'> </span> 
     </span>
    </p>
   </div>
  </div>
 </body>
</html>
