3567 5559
393 3771 453 3838 184

462 577 524 644 lto
915 578 1016 644 Liber
1039 579 1151 647 Vm.

461 763 551 850 quod
575 783 659 830 sane
681 762 845 850 placeret,
865 766 931 832 nisi
953 774 1020 830 tum
1042 765 1176 851 reliqua
1203 783 1345 849 quoque
1366 764 1510 828 mutanda
1524 765 1558 828 vi·

463 882 632 949 darentur.
656 883 767 957 scribi
784 884 871 948 enim
893 894 1067 969 oporteret
1087 883 1323 954 dentientium
1343 881 1560 968 pemandcnta

463 1021 569 1071 more,
596 1007 633 1064 ut
653 1022 739 1066 voce
761 1003 848 1066 circa
870 1025 932 1088 pro
957 1004 1118 1068 adverbio
1140 1011 1301 1086 accepta
1323 1000 1469 1064 surculos
1490 999 1561 1063 adc-

464 1124 584 1181 corant
595 1130 707 1201 aptum
719 1130 821 1186 esset
842 1121 887 1184 At
909 1142 990 1186 vero
1011 1123 1062 1186 sic
1085 1132 1119 1185 et
1141 1120 1251 1205 paulo
1265 1121 1432 1184 audacius
1445 1118 1563 1202 grassari

465 1234 498 1299 in
528 1237 680 1300 codicum
709 1237 884 1321 scripturis
907 1239 1097 1302 videremur
1124 1250 1157 1302 et
1178 1259 1308 1302 vocem
1331 1235 1562 1323 praedomantes,

466 1372 564 1439 quam
586 1367 724 1439 propter
746 1355 853 1439 ipsam
881 1356 1055 1419 raritatem
1083 1357 1207 1420 scribis
1239 1356 1301 1419 vix
1335 1355 1479 1420 tribuere
1499 1351 1563 1426 licet,

465 1492 531 1536 non
554 1484 646 1537 recte
667 1474 942 1560 relinqueremus.
988 1478 1118 1552 Quodsi
1140 1488 1259 1540 autem
1283 1475 1500 1542 Aristotelem
1518 1493 1563 1535 nou

465 1591 704 1673 interpretatus
726 1593 789 1656 sed
813 1592 917 1657 libere
940 1593 1085 1659 imitatus
1109 1606 1161 1660 est
1174 1595 1324 1679 Plinius,
1349 1615 1450 1659 unum
1470 1601 1563 1654 tantun

466 1707 663 1773 vocobulum
690 1722 814 1791 restat,
850 1712 1102 1801 quod-tolerari
1128 1735 1196 1780 non
1229 1713 1364 1798 possit:
1393 1733 1463 1777 ora.
1503 1704 1563 1779 Quid

466 1839 576 1892 autem
602 1829 680 1894 dicit
701 1831 873 1916 scriptor?
907 1842 1021 1897 certos
1041 1795 1205 1918 quosdam
1231 1835 1336 1897 cibos
1361 1832 1405 1894 ab
1427 1828 1506 1892 ursis
1524 1843 1563 1905 ap·

467 1950 555 2034 peti,
587 1971 680 2015 arum
710 1950 928 2016 laxandorum
962 1951 1211 2027 intestinorum,
1250 1948 1419 2014 surculos
1451 1943 1562 2008 dentium

468 2070 776 2133 conservandorum
799 2088 917 2133 cansa.
971 2068 1095 2132 Malum
1117 2069 1218 2152 igitur
1250 2049 1563 2152 circumspiciendum

468 2188 642 2273 erit'quod
664 2210 685 2252 a
708 2188 862 2252 dentibus
882 2185 1002 2278 procul
1024 2185 1167 2265 habent,
1197 2206 1282 2250 nam
1305 2183 1412 2250 futuri
1434 2177 1561 2262 temporis

467 2305 559 2366 notio
579 2303 850 2387 praedomando
872 2303 1071 2370 continetur.
1120 2303 1170 2366 Ea
1191 2325 1280 2369 vero
1306 2315 1365 2370 est
1390 2303 1490 2368 carim
1507 2311 1561 2380 qna,

469 2441 568 2505 quum
597 2421 673 2483 cibo
697 2441 760 2504 per
778 2432 880 2484 totam
905 2421 1047 2486 hiemem
1069 2423 1314 2504 abstinuerint,
1348 2422 1496 2489 facillime
1510 2411 1561 2478 fieri

468 2550 581 2626 potest
608 2552 644 2604 ut
673 2541 791 2605 dentes
819 2538 909 2604 nullo
938 2563 1000 2604 usu
1027 2543 1202 2607 exercitati
1229 2543 1397 2610 laborare
1424 2534 1560 2619 incipiant.

469 2664 577 2738 Quam
593 2663 648 2728 ubi
664 2663 788 2728 teneris
803 2662 948 2728 surculis
961 2663 1158 2730 mandendis
1179 2677 1317 2744 cavent,
1342 2673 1436 2729 recte
1457 2655 1561 2718 domate

469 2783 622 2848 dicuntur
643 2782 740 2848 sicuti
753 2774 903 2848 XIV.55.
928 2781 1019 2861 „vini
1041 2781 1153 2847 caries
1175 2783 1343 2846 indomita
1365 2767 1559 2865 appellatur‘b

467 2902 684 2988 praedomare
704 2900 800 2965 simili
823 2899 953 2964 ratione
977 2919 1043 2984 qua
1065 2901 1157 2983 apud
1179 2901 1354 2967 Senecam
1371 2899 1433 2982 Ep.
1448 2889 1510 2955 113.
1525 2883 1560 2946 lt·

468 3021 573 3104 gitur:
591 3041 731 3104 „omues
751 3041 867 3098 casae,
889 3031 1066 3107 antequam
1081 3020 1265 3104 exciperet,
1285 3011 1493 3108 praedomuit
1508 3021 1560 3068 me·

470 3140 639 3204 ditand0“.
688 3139 863 3206 Devorant
883 3139 982 3222 igitur
1004 3139 1074 3203 ursi
1094 3155 1188 3202 arum
1212 3150 1244 3202 et
1268 3137 1429 3204 surculos
1449 3133 1479 3196 in
1498 3119 1561 3189 vicl·

469 3259 572 3322 nitate
593 3256 767 3321 fovearum
788 3258 957 3350 (circaque
979 3258 1065 3322 enim
1088 3258 1282 3322 adverbium
1309 3261 1402 3344 est),

728 3375 876 3439 dentiam
892 3375 1144 3462 praedomantes
1164 3379 1320 3444 cariem.
1604 3431 1605 3482 p

554 3492 638 3554 Nam
658 3511 778 3570 vocem
801 3481 900 3553 carie-
916 3491 1018 3555 facile
1047 3495 1080 3558 in
1107 3480 1168 3558 ora
1191 3495 1309 3560 mutari
1333 3489 1482 3581 potuisse
1505 3471 1559 3540 aliis
1604 3545 1605 3580 ἕ

471 3604 633 3692 exemplis
655 3630 686 3691 p.
701 3603 772 3671 130.
795 3607 1099 3690 comprobavimus.
1604 3581 1605 3662 l

890 3743 1165 3840 reusam.
1604 3749 1605 3818 u

521 3883 692 3985 Lyncum
712 3907 817 3980 umor
837 3883 889 3960 ita
910 3883 1077 3962 redditus
1101 3884 1163 3962 ubi
1183 3885 1382 3986 gignuntur
1403 3871 1557 3981 glaciatur
1604 3961 1605 3986 χ

521 4021 703 4097 arescitve
731 4020 768 4095 in
794 4045 957 4119 gemmus
983 4021 1216 4098 carbunculis
1243 4019 1382 4096 similes
1407 4024 1445 4090 et
1469 4007 1554 4105 igss⁰⁰
1604 4001 1605 4058 T

521 4155 646 4227 coloro
669 4154 870 4251 fulgentes,
898 4155 1106 4251 lyncurium
1134 4166 1338 4250 vocatae,
1366 4163 1498 4250 atque
1517 4129 1555 4208 Ol

517 4286 565 4361 id
593 4288 722 4362 sucino
756 4286 988 4385 aplerisque
1016 4286 1069 4360 ita
1094 4290 1265 4386 generari
1291 4288 1450 4391 prodito.
1496 4269 1554 4350 Νθ·

475 4496 484 4506 ,
517 4445 621 4523 vero
638 4420 710 4494 hoc
737 4417 931 4517 sciuntque
963 4419 1093 4517 lynces
1124 4430 1162 4494 et
1188 4422 1395 4502 invidentes
1430 4413 1551 4496 urum

518 4573 619 4638 terra
640 4553 811 4656 operiunt
833 4580 953 4654 eoque
980 4556 1139 4634 celerius
1166 4559 1345 4640 solidatur
1365 4563 1437 4639 illa.
