3567 5559
408 542 431 607 8
873 538 980 607 liber
998 542 1056 610 11.

461 728 633 825 burnuuo,
652 730 799 832 quando
821 728 904 805 eliis
924 730 1045 805 nulus
1059 738 1119 807 est
1139 729 1524 829 namuurum,

462 863 543 939 aliis
567 866 777 966 pudendus.
1176 900 1181 911 ·
1229 890 1233 899 ‘
1322 898 1325 907 '
1374 885 1378 891 “
1432 884 1456 901 ’“

497 1034 557 1100 Sic
582 1035 695 1101 locum
725 1036 892 1104 difficilem
923 1036 1061 1123 scripsit
1084 1009 1247 1119 Silligius,
1275 1032 1322 1097 ita
1350 1004 1461 1097 tamen
1488 1042 1526 1098 nt

412 1160 606 1236 corruptum
628 1154 794 1220 iudicaret
817 1166 851 1219 et
869 1156 1009 1221 verbnm
1028 1151 1255 1216 dubitemusne
1273 1170 1364 1237 pone
1380 1130 1414 1216 r.
1434 1172 1526 1214 eum-

412 1288 504 1331 m
524 1267 721 1341 collocaret.
772 1272 1011 1368 Verumtamen
1033 1270 1067 1333 in
1090 1272 1243 1355 proximo
1266 1270 1435 1335 enuntiato
1456 1291 1527 1335 uon

411 1386 467 1473 qui
483 1388 633 1455 dubitant
651 1390 692 1455 iis
713 1392 768 1475 qui
788 1391 929 1455 credunt
949 1400 1173 1475 opponuntur,
1194 1388 1256 1453 sed
1277 1389 1457 1455 credentes
1478 1390 1527 1455 in-

412 1507 570 1573 credulis.
618 1508 769 1594 Namque
794 1508 862 1574 hcc
893 1508 971 1573 dicit
1001 1506 1145 1572 Plinius:
1174 1506 1292 1571 Utrum
1320 1504 1526 1576 credendum

411 1618 508 1690 nobis
539 1635 606 1705 est,
634 1628 746 1693 curari
769 1648 831 1693 res
848 1628 1016 1693 humanas
1035 1646 1055 1690 a
1076 1621 1138 1690 diis
1160 1645 1204 1690 an
1226 1644 1295 1690 non
1321 1628 1454 1693 curam‘t
1480 1651 1525 1695 an

411 1741 563 1809 fortem
583 1745 667 1810 certi
687 1745 864 1833 quidquam
887 1747 931 1810 de
953 1764 994 1811 ea
1014 1764 1053 1809 rc
1075 1743 1216 1809 inveniri
1237 1763 1343 1828 posse
1366 1746 1524 1832 despera·

412 1838 522 1925 bimus
541 1873 641 1949 atque
668 1863 774 1949 (quae
795 1875 848 1929 cst
869 1865 977 1950 ipsius
997 1862 1176 1948 scriptoris
1196 1865 1379 1947 sententia)
1413 1866 1445 1931 in
1466 1866 1526 1932 du·

411 1978 574 2047 bitatione
586 1983 835 2049 consistemus‘t
875 1982 1022 2049 Difficile
1039 1993 1092 2048 est
1105 1981 1263 2061 iudicatu,
1284 1995 1395 2047 utrum
1413 1984 1528 2051 utilius

413 2098 457 2163 sit
476 2100 619 2167 credere
634 2123 677 2167 an
698 2096 764 2167 noir
786 2103 940 2179 credere,
963 2122 1040 2166 nam
1059 2100 1226 2166 increduli
1243 2100 1369 2167 nullum
1387 2101 1528 2169 deorum

413 2231 606 2304 respectum
628 2218 764 2302 habent,
787 2221 842 2305 qui
861 2230 973 2284 tamen
995 2220 1148 2282 advitae
1170 2238 1266 2281 usum
1289 2204 1341 2282 est
1362 2240 1527 2285 necessa-

413 2336 486 2403 rius
509 2334 713 2423 (citii),
740 2338 795 2423 qui
819 2357 901 2401 vero
923 2334 1063 2400 eredunt
1094 2332 1140 2397 ad
1159 2330 1293 2397 foedam
1316 2334 1526 2417 superstitio·

413 2476 491 2521 nem
518 2467 552 2523 et
579 2454 755 2522 mendacia
782 2454 994 2521 delabuntur.
1047 2446 1163 2515 Talem
1190 2468 1326 2515 sensum
1351 2461 1388 2517 ut
1411 2452 1528 2519 verbis

413 2573 606 2653 reddamus,
627 2584 705 2638 ante
726 2576 837 2639 omnia
857 2572 1074 2659 plurimorum
1087 2568 1353 2655 optimorumque
1371 2571 1528 2637 comeum

413 2690 514 2758 lectio
536 2690 817 2757 dubitemusne
838 2691 1034 2757 restituatur
1047 2696 1193 2772 oportet,
1219 2687 1339 2754 deinde
1358 2690 1529 2757 cumiano

413 2808 470 2879 tt.
484 2809 600 2899 ρ.464.
623 2822 701 2896 post
728 2811 902 2877 credamus
922 2808 1186 2892 inter-pungatur.
1240 2806 1396 2874 Proxima
1421 2810 1530 2875 verba

412 2928 473 2992 cix
496 2939 531 2994 et
555 2914 656 3018 prope
679 2930 828 3020 Silligins
860 2927 1001 2994 moleste
1031 2927 1217 3006 coniunxit,
1250 2924 1351 2992 lanus
1379 2926 1534 2991 iudicare

414 3070 477 3133 pro
499 3050 740 3115 diiudicentur
767 3052 889 3117 dictum
911 3069 990 3117 esse
1012 3048 1137 3116 statuit.
1178 3044 1326 3113 Facilius
1346 3067 1472 3133 prope
1494 3046 1531 3111 in

412 3165 580 3255 propere
596 3169 776 3233 mutabitur
793 3187 892 3255 quum
905 3166 1102 3255 haevoees
1112 3166 1254 3249 saepius
1271 3162 1532 3246 confundantur,

416 3283 460 3351 cf.
470 3284 648 3356 Drakenb.
664 3286 716 3353 ad.
731 3285 804 3356 Liv.
815 3284 939 3352 XXIX.
953 3282 1004 3348 31.
1016 3284 1047 3349 4.
1118 3340 1122 3349 .

315 3535 318 3540 ,
376 3464 398 3530 8
497 3445 499 3450 ¹
709 3445 712 3451 ⁵
869 3450 1021 3546 isti,
1036 3450 1074 3527 5.

354 3695 356 3700 ,
466 3607 637 3683 Fortuna
662 3608 741 3682 sola
760 3606 953 3684 invocatur
975 3631 1019 3682 nc
1037 3600 1257 3695 nominatur,
1280 3624 1368 3676 una
1394 3624 1531 3676 accu-

467 3752 620 3838 satur,
650 3741 759 3846 [una
788 3746 941 3844 agitur
969 3738 1095 3845 rea],
1127 3764 1200 3815 una
1223 3736 1423 3857 cogitatur,
1450 3738 1531 3812 sola

467 3881 660 3976 laudatur,
682 3883 762 3957 sola
777 3882 944 3984 arguitur
961 3889 1000 3956 at
1013 3902 1098 3961 cum
1115 3876 1291 3954 eunuciis
1308 3872 1440 3950 colitur
1464 3880 1531 3947 rel.

501 4048 617 4115 'l'alem
638 4070 659 4116 e
677 4050 852 4119 codicibus
873 4070 1015 4139 quorum
1037 4030 1281 4115 accuratiorem
1298 4046 1448 4110 notitiam
1462 4042 1532 4111 Sil-

419 4164 497 4251 ligio
520 4167 700 4254 debemus,
726 4192 812 4236 unus
834 4171 856 4234 d
875 4169 985 4236 locum
1008 4168 1173 4252 exhibuit,
1198 4166 1263 4257 sed
1283 4160 1461 4229 manifesto
1482 4159 1530 4225 in·

280 4370 282 4375 ¹
418 4284 636 4371 terpolatnm‚
670 4306 770 4371 quum
805 4307 892 4373 quae
929 4306 990 4354 rea
1020 4287 1146 4372 agitur,
1184 4284 1302 4349 eadem
1333 4277 1532 4349 intolerabili

419 4400 602 4491 tautologia
628 4406 785 4471 accusari
811 4406 950 4475 dicatur.
1008 4406 1037 4471 E
1068 4402 1205 4490 reliquis
1235 4402 1330 4469 libris
1354 4422 1373 4467 r
1402 4401 1453 4487 (is
1478 4408 1532 4467 est

418 4520 466 4590 Μ.
485 4522 713 4611 Dalecampii‚
739 4526 962 4595 deterioribus
969 4574 981 4611 ,
1006 4534 1043 4591 ut
1063 4524 1209 4608 videtur,
1231 4518 1531 4603 anumnerandus),
