3567 5559
898 545 998 613 Libor
1017 546 1073 613 ΙΙ.

850 728 1125 827 aoa=a⁷,ao.

484 901 617 977 clarae
644 899 717 974 iam
746 900 893 999 pridem
920 902 1062 978 insulae
1087 901 1204 977 Delos
1231 908 1270 974 et
1289 898 1444 975 Rhodos
1467 926 1542 975 me-

484 1036 623 1113 moriae
647 1033 857 1134 produntnr
877 1046 1021 1112 enatae.
1071 1037 1211 1113 Postea
1235 1034 1415 1129 minores,
1446 1037 1543 1111 ultra
1628 1070 1629 1133 3

482 1171 609 1247 Melon
635 1171 812 1270 Anaphe,
845 1171 944 1248 inter
970 1174 1154 1248 Lemnum
1183 1181 1222 1247 et
1255 1171 1542 1269 Hellespontum

482 1305 601 1400 Neae,
623 1304 721 1381 inter
742 1306 937 1383 Lebedum
963 1316 1001 1383 at
1027 1308 1136 1383 'Peon
1158 1307 1320 1401 Halone,
1346 1306 1442 1381 inter
1466 1306 1540 1405 Gy·
1629 1342 1630 1349 ι

441 1447 445 1455 ’
483 1443 606 1519 clodos
622 1440 1110 1541 olympiadisGXXXV.
1126 1466 1234 1519 auno
1250 1442 1541 1543 quarto'l'hera

483 1591 519 1652 et
544 1573 747 1670 Therasia,
780 1576 878 1652 inter
903 1575 1052 1651 easdam
1078 1587 1185 1677 post
1210 1601 1352 1653 annos
1377 1576 1538 1653 CXXX

480 1713 602 1790 Hiera
615 1710 1026 1811 eademqueAutomate
1053 1724 1091 1789 at
1111 1715 1156 1789 ab
1178 1737 1223 1789 ea
1249 1712 1393 1790 duobus
1411 1710 1538 1787 stadiis

479 1858 567 1950 post
587 1873 701 1925 annos
723 1848 799 1924 CX
824 1847 863 1923 in
887 1857 1015 1925 nostro
1038 1874 1130 1929 aevo
1153 1850 1208 1926 Μ.
1222 1848 1330 1925 Iunio
1347 1848 1472 1924 Silano
1491 1847 1538 1922 1..

478 1987 621 2063 Balbo
645 2010 763 2061 coss.
787 2008 821 2060 a.
847 1984 884 2061 d.
911 1986 1023 2061 VIII.
1048 1986 1134 2062 idus
1160 1986 1274 2063 Iulias
1302 1984 1413 2061 Thia.

512 2155 646 2221 Nullum
661 2154 696 2217 in
712 2153 944 2220 totoPliniano
957 2175 1062 2241 opere
1076 2155 1184 2223 locum
1203 2166 1321 2223 nostro
1341 2141 1472 2221 foedius
1482 2150 1541 2215 de.

428 2283 604 2357 provatum
623 2268 924 2358 interpolatumque
939 2274 1089 2360 dixerim,
1111 2295 1177 2359 quo
1203 2285 1237 2339 et
1257 2273 1399 2338 omnium
1421 2281 1540 2337 aucto·

427 2410 500 2456 rum
526 2389 561 2451 in
585 2408 623 2453 re
644 2387 846 2473 gravissima
871 2392 1054 2457 consensui
1076 2402 1109 2455 et
1136 2391 1198 2455 sibi
1223 2390 1297 2473 ipsc
1323 2388 1538 2454 librariorum

428 2525 546 2573 errore
567 2524 759 2591 repugnare
781 2506 946 2576 videatur.
994 2508 1095 2583 Quod
1121 2509 1186 2574 iam
1208 2527 1229 2573 a
1251 2506 1360 2573 Petito
1384 2506 1540 2571 animad-

425 2646 561 2692 versum
583 2644 706 2691 essee
723 2624 851 2712 Silligio
874 2625 988 2706 didici,
1011 2636 1161 2693 ceterum
1184 2627 1262 2713 quid
1282 2624 1337 2691 ille
1360 2622 1537 2690 0bss.l.l.

425 2764 458 2829 p.
472 2743 503 2811 9.
523 2746 713 2809 mutandum
736 2745 923 2823 censuerit,
953 2744 1009 2810 hic
1035 2754 1199 2813 terrarum
1224 2745 1426 2829 investigare
1458 2740 1538 2807 mihi

425 2886 493 2930 non
513 2863 612 2934 licuit.
655 2865 800 2931 Primu-
820 2866 939 2952 ecquis
957 2862 1060 2931 fando
1076 2864 1217 2943 audivit,
1244 2863 1483 2929 nobilissimam
1501 2872 1538 2927 et

423 2985 686 3071 antiquissimam
707 2985 851 3052 insulam
862 2985 1008 3051 'lberam
1030 2983 1160 3051 recenti
1181 2991 1293 3049 aetate
1314 3000 1334 3047 e
1357 2981 1440 3045 mari
1458 3000 1537 3064 pro-

425 3104 541 3181 diisse,
565 3104 685 3169 deinde
708 3106 782 3189 quis
804 3125 949 3191 unquam
972 3104 1101 3183 eredat,
1121 3123 1192 3169 rem
1210 3122 1308 3189 quam
1324 3101 1398 3184 ipse
1409 3096 1537 3164 Plinius

423 3240 509 3284 aevo
531 3240 593 3284 sno
616 3221 784 3286 accidisse
805 3230 933 3300 narrat,
957 3220 1000 3282 ad
1021 3218 1143 3283 falsum
1166 3240 1289 3282 annum
1311 3215 1454 3284 referri?
1488 3216 1538 3282 Ut

423 3337 509 3402 enim
531 3334 608 3399 hinc
629 3336 755 3401 initium
779 3336 970 3423 disputandi
995 3334 1069 3418 liat,
1096 3355 1203 3420 prope
1225 3334 1369 3402 Theram
1392 3337 1538 3403 eandem

421 3454 575 3531 maulam,
597 3473 694 3539 qnam
709 3456 832 3522 Plinius
842 3455 959 3520 Thiam
981 3452 1141 3538 appellat,
1161 3457 1414 3539 „spectantibus
1434 3456 1537 3521 nobis

422 3574 456 3639 in
478 3572 617 3657 Aegaeo
638 3573 721 3640 mari
743 3575 899 3639 enatam“
921 3572 1056 3639 Seneca
1074 3573 1152 3637 Nat.
1167 3572 1352 3647 Qunam.
1372 3585 1405 3639 at
1423 3572 1464 3638 ll.
1480 3572 1536 3638 26.

422 3703 677 3772 commemoret,
704 3713 820 3772 verum
841 3690 980 3759 Valerio
1002 3690 1155 3758 Asiatico
1182 3692 1301 3757 iterum
1332 3690 1472 3759 consule
1499 3692 1537 3755 id

421 3812 592 3879 accidisse
611 3821 736 3878 narrat.
776 3813 842 3887 Qui
861 3832 949 3878 anno
967 3831 1000 3881 a.
1012 3834 1044 3877 u.
1059 3833 1089 3877 c·
1102 3811 1308 3878 DUGXClX.
1332 3818 1422 3890 (utar
1442 3808 1535 3877 euim

421 3931 634 3999 Varroniano
661 3953 743 4000 aera
768 3934 887 4000 eedem
919 3952 986 4017 qua
1017 3929 1159 4009 Plinius)
1185 3932 1259 3996 sive
1286 3953 1317 4014 p.
1333 3928 1412 3995 Chr.
1426 3948 1461 3997 n.
1473 3928 1533 3993 46.

420 4052 540 4118 iterum
564 4053 683 4119 consul
706 4053 769 4119 fuit
793 4053 928 4135 collega
948 4050 997 4114 Μ.
1015 4050 1108 4116 lunio
1131 4049 1266 4130 Silano,
1293 4068 1391 4136 quem
1411 4058 1536 4115 nostro

420 4189 554 4258 qnoque
574 4169 651 4236 loco
671 4171 834 4235 nominari
855 4168 1026 4239 videmus.v
1045 4168 1260 4237 Manifestum
1275 4169 1537 4256 estigitureun·

422 4290 497 4354 dem
519 4309 642 4355 annum
661 4287 853 4375 significari.
901 4286 988 4351 Nam
1013 4287 1102 4372 quod
1126 4286 1225 4372 vulgo
1246 4287 1379 4354 additur
1400 4287 1439 4352 L.
1453 4286 1536 4359 Bal-

420 4409 499 4489 bus,
518 4407 553 4473 id
572 4407 714 4475 Barbari
736 4406 933 4476 coniectura
953 4405 1080 4472 lactum
1102 4416 1157 4473 est
1175 4426 1319 4495 prorsus
1339 4408 1533 4475 temeraria.

419 4526 496 4593 Fuit
521 4526 654 4615 quidem
677 4526 715 4595 1.
736 4527 919 4597 Norbanus
941 4524 1067 4595 Balbus
1089 4524 1134 4594 Μ.
1152 4524 1236 4595 lunii
1257 4525 1363 4597 siloni
1388 4527 1421 4595 in
1447 4546 1537 4593 con-
