3567 5559
460 553 505 622 ὃ
923 551 1027 623 Lrirer
1048 553 1111 624 Vt.

529 737 645 805 l’onti
656 737 777 808 Euxini
791 737 882 808 frete
901 741 1013 808 vivida
1034 751 1067 807 et
1089 739 1256 808 oonoitata
1273 741 1427 807 oratione
1447 740 1562 806 dosori-

462 858 513 925 ott
527 857 664 944 Plinius,
687 870 723 927 et
742 859 918 945 Bosporos
939 861 1073 947 quidem
1093 859 1194 926 valde
1216 868 1382 945 angustos
1405 877 1482 926 esse
1498 860 1563 943 ipse

464 979 607 1046 nominis
628 980 849 1067 originatione
870 977 1043 1058 declarat,
1074 998 1173 1064 quam
1195 977 1311 1064 peritis
1331 979 1388 1043 vel
1407 978 1564 1043 indicasse
1612 1003 1613 1074 l

466 1099 552 1164 satis
571 1097 641 1164 luit.
684 1097 822 1164 Transit
843 1097 965 1163 deinde
985 1098 1031 1162 ad
1053 1095 1118 1162 alia
1140 1106 1335 1181 argumenta
1358 1098 1466 1183 magis
1480 1096 1565 1162 etiam
1612 1127 1613 1132 κ

465 1216 618 1300 insignia.
661 1215 840 1292 Quomodo
866 1215 967 1302 igitur
990 1223 1056 1279 tam
1081 1215 1194 1301 inepte
1225 1216 1357 1280 doctum
1385 1235 1465 1282 rese
1488 1215 1566 1280 exhi·

465 1332 581 1400 boisse
606 1334 775 1419 putandus
796 1343 868 1412 est,
890 1340 1019 1396 utrem
1042 1334 1158 1417 pueris
1180 1335 1389 1400 notissimam
1412 1331 1613 1438 significa-l

467 1464 518 1518 ret
528 1452 712 1538 iterumque
726 1452 848 1518 deinde
867 1447 1048 1536 legentium
1068 1451 1187 1518 animis
1203 1453 1416 1520 inculearet‘l
1442 1453 1487 1522 At
1499 1471 1567 1518 vero
1612 1409 1613 1528 l

466 1570 742 1656 interpolatorem
764 1571 917 1638 eruditae
939 1570 1165 1638 annotationis
1184 1591 1252 1638 non
1274 1553 1390 1658 pigoit.

389 1803 449 1868 nn
930 1787 1135 1884 m=ao

519 1939 610 2017 Fuit
634 1941 812 2043 oppidum
841 1941 973 2017 eodem
998 1940 1146 2017 nomine
1177 1951 1215 2014 et
1241 1938 1312 2014 alia
1337 1939 1393 2034 V,
1430 1939 1570 2014 Amam-

517 2079 631 2176 nium,
647 2078 908 2182 Themiscyra
931 2078 1069 2173 Sotira,
1089 2074 1251 2170 Amasis,
1275 2075 1441 2152 Comana
1466 2093 1571 2148 nuno

519 2213 562 2287 M
573 2213 669 2289 atio
679 2239 727 2288 m.

554 2377 604 2442 lta
625 2380 824 2447 codder.
844 2383 1015 2448 Montium
1038 2381 1129 2448 dedit
1150 2377 1310 2463 siligine,
1331 2375 1513 2440 mantem
1534 2369 1574 2440 vel

467 2495 655 2559 Mestrium
673 2498 800 2585 reliqui.
832 2501 960 2566 Verum
981 2498 1151 2567 oraculum
1169 2517 1244 2562 eum
1256 2495 1485 2561 Comanorutn
1508 2503 1573 2558 tem

469 2613 526 2699 plo
548 2617 732 2702 antiquitus
754 2618 967 2684 coniunctum
985 2632 1019 2686 et
1032 2620 1087 2686 diu
1100 2627 1178 2682 ante
1193 2615 1288 2680 Plinii
1310 2622 1458 2680 aetatem
1479 2613 1574 2678 foisse

467 2745 615 2813 constat,
640 2725 1053 2810 of.1{irt.sse11.Alex.'66.
1076 2738 1214 2804 Matium
1238 2744 1349 2800 autem
1374 2733 1476 2798 etiam
1498 2729 1572 2798 infra

467 2853 560 2941 §Aa
578 2857 767 2923 nominatur
788 2858 882 2923 aMa
900 2860 976 2940 dea,
997 2869 1035 2924 ut
1057 2859 1200 2940 videtur,
1220 2851 1433 2939 appellatum.
1462 2852 1572 2916 Mirum

468 2994 554 3041 sane
566 2976 710 3056 videtur,
734 2978 824 3064 quod
836 2999 1026 3064 cognomen
1049 2977 1127 3043 illud
1149 2974 1263 3061 oppidi
1280 2971 1493 3040 celeberrimi
1506 2963 1571 3035 alibi

467 3115 536 3160 non
562 3097 747 3181 reperitur,
776 3118 892 3164 verum
919 3101 953 3164 in
981 3119 1019 3164 re
1040 3098 1169 3164 ineerta
1190 3092 1393 3160 coniecturis
1418 3091 1570 3159 abstineo·

471 3211 548 3277 dnm
570 3212 641 3278 erit.

392 3386 453 3452 ns
591 3424 595 3430 .
930 3363 1121 3458 m=nt

520 3555 571 3570 -
609 3536 701 3612 gens
739 3512 863 3587 Salae
906 3513 1063 3614 antiquis
1103 3514 1375 3618 phthirophagi
1420 3515 1508 3596 dicti
1541 3519 1570 3585 et

522 3647 641 3723 alias
670 3646 788 3724 Suani
820 3690 873 3705 -

556 3816 828 3905 Phthiropltagos
855 3838 876 3882 a
897 3815 1021 3885 Suanis
1043 3815 1214 3904 distinguit
1237 3818 1359 3885 Strabo
1380 3820 1439 3888 Xl.
1460 3841 1492 3907 p.
1508 3811 1568 3890 499,

470 3938 584 4026 itaque
604 3959 669 4024 pro
689 3937 774 4002 alios
793 3939 867 4004 sive
888 3938 955 4019 olo,
976 3948 1013 4004 nt
1034 3936 1068 4002 in
1086 3936 1120 4001 R
1132 3936 1272 4024 legitur,
1295 3938 1507 4006 scribendum
1527 3939 1569 3999 est

423 4118 427 4123 .
471 4055 569 4120 olio.
636 4057 736 4123 Salas
762 4056 976 4123 Ptolemaeus
1002 4057 1057 4123 lll.
1072 4057 1104 4122 5.
1126 4056 1180 4127 22.
1211 4058 1244 4122 in
1280 4057 1450 4124 Sarmatis
1480 4056 1568 4121 Euro·

470 4190 559 4256 paea
580 4172 754 4240 habitasse
775 4174 877 4238 tradit
898 4184 932 4238 et
953 4173 1046 4239 Σάλοι
1067 4174 1228 4260 appellat,
1252 4177 1341 4242 unde
1362 4166 1569 4244 fortasseSo·

471 4289 524 4354 tae
545 4290 579 4354 in
601 4287 722 4356 Soloe
742 4300 872 4356 mutare
894 4301 1058 4376 praestat.
1102 4292 1183 4356 ltem
1204 4295 1259 4379 qui
1273 4295 1304 4382 ᾗ.
1320 4296 1368 4362 16.
1387 4289 1569 4387 oppetitae

471 4419 648 4487 vorantur,
670 4409 1005 4494 apudPtolemaeu'm
1026 4419 1104 4474 sunt
1123 4417 1321 4498 Πωγυρῒταιε
1343 4425 1451 4482 utrum
1472 4419 1567 4478 auten

472 4548 594 4595 nomen
616 4525 876 4612 praeferendum
897 4527 1066 4609 rideatur,
1095 4528 1230 4598 deserni
1252 4535 1374 4622 nequit.
