3567 5559
652 575 751 639 liber
773 576 874 642 XIV.
1263 579 1324 646 179

259 762 504 854 conveniunt3
535 763 573 836 iu
607 764 706 837 lora
738 776 842 838 recte
869 765 1089 841 conduntur.
1132 765 1236 866 Quas
1262 791 1322 842 su·

260 897 446 998 spendas,
478 898 691 992 durat-inas,
723 898 898 974 Amineas
926 900 1084 975 maiores
1112 917 1156 975 et
1183 901 1322 977 Scan·

259 1032 416 1107 tianas
445 1023 864 1135 opportunissimas
893 1059 1009 1110 esse.

291 1199 419 1266 Ultima
447 1202 551 1267 verba
579 1210 612 1264 et
639 1182 842 1267 Scantianas
872 1203 1160 1288 opportunissimas
1188 1222 1257 1266 esse
1290 1202 1323 1268 in

215 1314 377 1398 omnibus,
410 1333 570 1406 quantum
599 1322 688 1400 scio,
720 1322 894 1387 codicibus
918 1322 1043 1388 omissa
1066 1321 1214 1407 Silligius
1243 1343 1324 1388 see

218 1437 337 1504 Catone
360 1441 540 1525 recepisse
565 1442 620 1508 ait.
668 1441 815 1506 Fecerat
836 1440 868 1504 id
887 1442 1020 1528 quidem
1040 1443 1105 1506 iam
1124 1452 1224 1506 antea
1246 1442 1326 1506 Piu-

219 1557 336 1636 tianus,
365 1561 433 1623 sed
454 1560 627 1625 immerito.
676 1559 848 1645 Leguntur
869 1562 1001 1646 quidem
1024 1560 1114 1648 apud
1134 1561 1323 1628 Varronem

219 1675 265 1741 De
286 1678 337 1743 Re
360 1679 494 1744 rustica
521 1679 619 1759 1.58,
651 1699 766 1746 verum
796 1683 885 1766 apud
914 1680 1075 1746 Catonem
1111 1703 1141 1744 c.
1165 1681 1203 1764 7,
1234 1680 1325 1764 apud

220 1817 308 1880 qoem
331 1819 423 1886 quae
447 1799 677 1884 praecedant,
701 1801 773 1865 veri
797 1799 897 1865 simili
923 1798 1117 1863 coniectura
1144 1799 1324 1864 emandare

222 1934 398 1998 aggressus
422 1926 478 1980 est
493 1915 535 1979 ll.
549 1915 679 1981 Kellios
697 1916 729 1980 in
748 1917 850 1984 Obss.
871 1917 945 1981 crit.
967 1916 999 1983 in
1022 1915 1170 1996 Catonis
1185 1925 1219 1980 et
1238 1915 1325 1981 Var-

222 2034 304 2097 ronis
323 2035 368 2100 de
391 2055 431 2098 re
455 2045 539 2104 rust.
562 2033 664 2100 libros
686 2035 758 2099 Hal.
782 2034 1062 2107 MDCCCXLlX.
1082 2057 1115 2120 p.
1130 2032 1189 2114 48,
1220 2053 1326 2120 aequa

223 2162 313 2236 atque
330 2154 372 2218 in
400 2152 499 2218 Plinii
529 2153 623 2240 libris
647 2153 778 2218 desunt.
829 2153 947 2240 Neque
973 2153 1106 2218 omnino
1126 2151 1327 2218 Scantiauas

225 2269 387 2339 acatone
415 2273 607 2338 nominatas
633 2293 713 2338 asse
744 2272 905 2358 proximis
930 2273 1044 2338 verbis
1071 2272 1328 2338 demonstratur.

228 2388 300 2454 Nam
320 2391 363 2456 ibi
390 2393 598 2476 „Amineam
621 2391 772 2475 proxime
799 2391 920 2455 dictam
942 2389 1053 2456 Varro
1085 2389 1330 2456 scantianam

228 2526 359 2574 vocasse
389 2509 606 2596 perhibetur,
638 2509 726 2574 aude
754 2509 844 2592 apud
873 2507 1060 2574 Varronem
1085 2529 1152 2574 nou
1179 2516 1212 2572 et
1232 2507 1329 2572 Ami-

230 2646 297 2690 neas
314 2638 346 2691 et
364 2627 583 2709 Scantianas,
604 2629 665 2692 scd
687 2636 719 2691 et
738 2628 897 2692 Amineas
916 2650 975 2692 sea
989 2626 1197 2694 Scantianas
1215 2627 1328 2712 legen·

231 2743 295 2808 dum
321 2767 400 2813 esse
427 2756 584 2832 apparet.
635 2744 939 2826 taverniacum,
969 2757 1005 2811 ut
1029 2745 1132 2830 vulgo
1159 2747 1328 2826 scribitur,

231 2861 351 2950 intelligi
377 2885 524 2952 prorsus
550 2886 617 2929 nou
648 2886 753 2950 posse
780 2866 952 2931 contendit
977 2864 1137 2949 Silligins
1196 2837 1330 2951 Quippe

232 2999 288 3044 non
308 2985 504 3048 meminerat
526 2983 736 3048 attractionis
757 2982 790 3046 in
807 2993 940 3048 vetusto
957 3003 1115 3049 sermone
1133 2982 1331 3068 frequentis,
1356 3034 1357 3037 η

235 3098 270 3162 de
287 3122 349 3186 qua
370 3102 501 3190 Popmn
527 3101 584 3166 De
602 3122 664 3165 asu
688 3111 756 3164 ant.
778 3099 879 3166 locut.
910 3100 943 3164 in
964 3101 1017 3165 ed.
1039 3098 1178 3170 Sallust.
1201 3101 1330 3166 Haver·

235 3238 330 3305 camp.
353 3225 391 3290 ll.
413 3245 449 3308 p.
466 3220 539 3286 307.
566 3221 733 3288 disseruit.
783 3220 891 3286 Sicuti
915 3221 1002 3286 enim
1028 3220 1061 3284 in
1089 3221 1240 3286 oratione
1270 3241 1332 3306 pru

236 3335 301 3422 lege
310 3340 463 3406 Voconia
482 3339 596 3405 habita
614 3359 669 3421 ap.
681 3337 811 3423 Meyer.
828 3360 863 3423 p.
880 3337 950 3403 101.
974 3339 1056 3404 dixit
1069 3337 1171 3404 Cato:
1193 3359 1332 3425 „agrum

238 3476 322 3540 quem
342 3461 392 3527 vir
413 3459 517 3524 babet
540 3456 693 3522 tollitur“
714 3467 748 3522 et
767 3455 938 3540 Originum
960 3456 1001 3524 fr.
1016 3457 1047 3524 5.
1071 3459 1124 3523 ed.
1149 3457 1333 3546 Wageuer.

238 3595 362 3664 ‚agrum
386 3599 486 3664 quem
511 3575 629 3641 Vulsci
648 3573 837 3639 habuerunt
855 3577 1057 3660 campestris
1078 3576 1194 3662 pleros
1214 3577 1334 3642 Abori·

239 3694 335 3776 ginam
354 3697 455 3775 fuin‘,
474 3693 587 3783 quidni
604 3691 660 3756 lric
681 3713 812 3778 quoque
834 3695 880 3756 ita
900 3694 991 3779 loqui
1014 3697 1140 3778 potnit:

278 3826 363 3914 Quas
377 3829 565 3916 maspendas
579 3827 772 3905 duracinae,
794 3828 954 3892 Amineas
975 3829 1125 3904 maiores,
1146 3827 1199 3890 ael
1218 3827 1263 3890 ad
1281 3824 1336 3913 fai

275 3946 360 4014 imas
380 3947 561 4037 ferrariam
578 3969 638 4033 pro
657 3949 762 4034 passis
782 3945 846 4010 nae
866 3955 954 4011 reate
974 3953 1162 4028 servaretur,

244 4078 261 4141 i·
278 4101 304 4148 e.
329 4086 510 4151 duracinae
541 4099 575 4148 et
596 4083 758 4147 Amineae
780 4102 867 4168 quae
889 4082 1053 4166 suspendi
1071 4081 1196 4160 solent,
1227 4102 1339 4168 „pen-

244 4197 317 4286 sili“‚
335 4214 370 4268 nt
382 4202 506 4268 Plinius
516 4203 546 4289 ς.
561 4200 609 4277 76.
631 4201 785 4286 loquitar,
806 4211 1092 4279 „concamaratae
1113 4202 1240 4287 nodo“,
1264 4221 1340 4268 eae·

246 4317 309 4383 dem
328 4324 424 4387 edam
447 4322 537 4406 apud
552 4317 683 4384 labrum
695 4330 886 4394 servantur,
909 4330 945 4381 ut
961 4317 1092 4384 scilicet
1108 4319 1192 4385 fami
1209 4319 1341 4387 fabrilis

249 4440 373 4520 gratiam
397 4443 641 4508 nanciscantur
673 4440 725 4522 (v.
745 4438 899 4520 ibidem).
952 4435 1003 4502 De
1033 4436 1086 4504 his
1108 4441 1208 4526 igitar
1227 4440 1342 4504 verbis

248 4557 394 4630 immerito
409 4559 559 4648 Silligius
581 4559 713 4625 videtur
734 4557 920 4641 dubitasse,
943 4557 976 4620 in
999 4555 1273 4622 antecedentibus
1294 4556 1343 4620 in·

251 4683 468 4763 wmnaedone
488 4679 627 4766 peccari
647 4695 714 4742 non
731 4673 975 4741 animadvertit.
1001 4673 1112 4748 Quum
1131 4672 1217 4738 enim
1234 4670 1344 4739 Varro

1063 4788 1132 4853 lt·
