3567 5559
600 776 604 783 ⁴
678 770 765 834 aanor
788 773 942 836 anniv.
1084 843 1101 864 ,
1266 771 1360 854 ‚217

207 964 282 1028 sed
313 972 620 1048 commentumque,
655 966 740 1052 quod
762 967 794 1030 in
816 967 844 1030 B
866 973 986 1049 exstat,
1010 967 1051 1031 ad
1073 989 1101 1034 v.
1124 971 1235 1032 libellos
1257 974 1360 1033 trans·

206 1083 418 1147 ferendum
441 1091 508 1165 est,
540 1091 576 1149 ut
597 1083 713 1148 medici
741 1085 808 1149 sive
830 1086 944 1149 libellis
983 1093 1148 1149 auctorum
1170 1086 1238 1150 sive
1268 1106 1360 1171 prae·
1416 1101 1419 1110 “

207 1203 348 1286 ceptis
375 1202 463 1266 nulla
475 1208 543 1265 arte
555 1202 709 1284 collectis,
731 1204 837 1288 qualia
849 1202 934 1288 apud
947 1203 1142 1281 Marcellum,
1167 1203 1360 1286 Oribasium,

208 1320 320 1383 alios
354 1319 516 1404 permulta
536 1321 747 1404 reperiuntur,
761 1393 767 1402 ι
781 1321 828 1384 uti
850 1320 1004 1386 dicantur.
1047 1321 1160 1406 Neque
1183 1342 1221 1384 ecc
1243 1329 1280 1385 ila·
1304 1321 1362 1406 (ex

208 1445 242 1499 is
272 1438 359 1502 B¹t
397 1445 429 1501 et
450 1443 587 1515 expediri
616 1438 701 1522 quod
728 1439 761 1500 in
789 1438 937 1501 omnibus
967 1439 1055 1502 libris
1079 1439 1169 1504 MSS.
1204 1441 1362 1526 reperitur

211 1563 279 1620 est
313 1577 383 1619 our
410 1564 533 1618 mutare
556 1575 717 1618 conemur.
762 1555 904 1619 Medicos
928 1557 1012 1620 enim
1050 1578 1084 1620 se
1120 1578 1161 1620 ex
1200 1558 1361 1621 aerumnis

215 1675 403 1758 curisque
427 1672 578 1757 expedire
601 1682 802 1757 aegrotorum
834 1673 995 1758 impendio
1017 1675 1139 1738 Plinius
1167 1675 1360 1759 indignatur.

216 1791 402 1877 Denique
424 1811 507 1876 quae
537 1791 681 1876 aprima
709 1811 805 1854 manu
827 1794 853 1854 B
877 1812 954 1854 sane
983 1800 1131 1878 corrupta
1154 1792 1283 1856 exhibet
1303 1799 1361 1856 sic-

219 1922 452 1986 cenateluret,
474 1908 548 1972 inde
570 1908 657 1971 nullo
679 1909 808 1993 negotio
831 1910 914 1973 effici
937 1917 1069 1995 apparet
1092 1917 1135 1973 sle
1156 1924 1247 1973 vexat
1262 1924 1289 1973 et
1303 1917 1363 1973 urit

221 2050 281 2092 sc.
314 2029 464 2090 miseros.
508 2026 557 2090 En
580 2027 681 2090 oratio
702 2027 802 2092 haece
826 2027 1067 2112 elegantissima
1089 2027 1244 2112 prodibit:

286 2185 330 2193 -
355 2158 485 2224 pterea!
506 2167 552 2225 n.;
582 2151 600 2210 t.
624 2158 694 2208 lxo.
713 2166 739 2208 c.
763 2149 1133 2224 medicamentanon,
1166 2167 1195 2223 q.
1218 2165 1243 2208 e.
1267 2167 1301 2225 p.
1323 2167 1361 2210 m.

282 2288 315 2329 s,
342 2269 379 2326 Ν.
403 2286 428 2341 q.
455 2270 474 2325 i.
497 2268 527 2324 ln
554 2269 668 2326 libellos
689 2269 1056 2343 conamentartaqua
1084 2285 1109 2326 e.
1140 2283 1186 2327 ex
1213 2269 1262 2326 iis
1283 2285 1309 2326 v.
1332 2285 1365 2326 a.

289 2388 321 2444 h.
349 2386 414 2445 ai.
438 2403 474 2443 m.
496 2386 695 2463 expediri,
718 2403 743 2445 c.
767 2386 797 2445 S.
820 2401 848 2445 o.
871 2401 897 2444 c.
920 2387 948 2446 I.
971 2403 999 2459 q.
1020 2385 1044 2457 s.
1068 2401 1090 2447 e.
1115 2385 1139 2445 e.
1164 2401 1188 2446 c.
1211 2403 1258 2459 m.,
1282 2394 1301 2446 t.
1324 2402 1361 2444 m.

290 2522 323 2562 a.
345 2504 370 2572 f.
392 2503 423 2562 S.
444 2506 501 2562 sie
522 2512 635 2563 vexat
657 2512 692 2562 ct
713 2506 801 2564 urit.

672 2617 952 2696 109=ibide1n
1383 2627 1446 2693 752

303 2752 351 2828 Et
379 2774 531 2849 squama
557 2758 679 2829 autem
706 2756 743 2827 et
774 2750 843 2828 llos
871 2757 1023 2826 uruntur
1049 2793 1093 2806 --
1121 2749 1289 2824 lavantur
1315 2793 1360 2802 -

303 2893 343 2960 et
370 2907 462 2958 uvas
489 2884 563 2960 oris
588 2883 703 2959 farina
723 2884 871 2961 admota
894 2882 999 2970 tollit,
1028 2891 1064 2958 et
1091 2881 1259 2960 tonsillas
1279 2905 1362 2958 cum

302 3015 426 3092 melle.

340 3149 532 3214 Necessario
555 3156 629 3212 tollit
650 3162 679 3211 et
699 3151 731 3212 in
753 3151 908 3235 pluralem
944 3156 1072 3214 tollunt
1103 3147 1258 3212 mutanda
1280 3152 1362 3210 sunt.

249 3268 410 3332 Proxima
431 3265 471 3330 ab
494 3266 572 3330 lano
593 3273 680 3330 recte
703 3267 950 3352 distinguuntur.

520 3378 774 3473 116=l242e
814 3386 876 3478 (de
905 3383 1090 3474 scolecel.
1256 3401 1259 3408 ’
1384 3391 1445 3458 753

300 3519 431 3594 teritur
462 3527 600 3607 autem,
635 3518 757 3594 donec
796 3519 913 3594 viride
940 3519 1001 3594 fiat
1029 3517 1294 3616 contrahatque
1321 3539 1362 3591 se

303 3648 589 3727 vermiculorum
614 3651 750 3749 specie,
777 3653 877 3727 unde
911 3659 947 3726 et
972 3674 1118 3728 nomen.
1173 3648 1282 3742 Quod
1309 3648 1363 3721 vi-

301 3784 393 3858 tium
420 3783 712 3879 utemendetur,
741 3783 836 3858 duae
866 3790 988 3880 partes
1016 3805 1110 3879 quae
1138 3781 1240 3856 luere
1267 3779 1362 3855 aceti

302 3915 504 3990 miscentur
529 3916 633 3991 urina
658 3916 763 4014 pueri
788 3915 959 4014 impubis

290 4043 293 4055 '
338 4046 432 4121 Quod
454 4047 582 4110 tandem
604 4049 736 4111 vitium?
778 4068 882 4133 neque
916 4047 999 4110 enim
1031 4047 1062 4109 in
1090 4045 1219 4109 nomine
1258 4064 1362 4130 neque

253 4168 286 4229 in
324 4165 413 4229 viridi
444 4166 550 4229 colore
583 4166 755 4252 quidquam
792 4167 876 4229 inest
908 4165 993 4250 quod
1015 4159 1276 4249 reprehendatur.
1319 4164 1363 4225 At

256 4283 394 4374 colorem
430 4283 538 4346 nescio
572 4281 648 4367 quid
679 4283 796 4366 ingrati
826 4282 977 4347 habuisse
1008 4281 1237 4346 aDioscoride
1259 4279 1299 4344 V.
1315 4255 1363 4344 '92

257 4400 423 4480 docemur,
452 4400 505 4484 qui
528 4396 658 4484 ἐνεργὴς
685 4399 787 4484 inquit
809 4400 924 4465 δὲκαὶ
954 4399 1090 4486 ulixaeae
1112 4405 1272 4479 γίγνεται,
1302 4392 1363 4461 ἐὰν

259 4517 354 4593 ὄξους
376 4519 438 4597 μὲν
458 4515 542 4604 λάβῃ
563 4521 661 4602 μέρος
683 4514 729 4594 ἓν,
753 4516 854 4603 οὔρου
877 4517 915 4581 δὲ
936 4519 1084 4582 παλαιοῦ
1106 4518 1186 4600 μέρη
1202 4513 1274 4577 δύο.
1298 4513 1361 4574 lta-

259 4654 320 4719 que
341 4634 439 4697 colori
461 4635 570 4696 vibam
591 4636 698 4697 inesse
712 4634 836 4698 dixerat
852 4633 976 4696 Plinius
997 4632 1046 4695 his
1068 4632 1135 4694 fere
1149 4630 1265 4709 verbis,
1280 4649 1362 4714 quae

259 4750 416 4816 excidisse
438 4771 476 4813 eo
499 4757 548 4815 est
569 4751 783 4840 uerisimilius,
806 4751 957 4836 quoniam
980 4749 1075 4812 etiam
1098 4739 1245 4833 proxima
1265 4717 1363 4813 vebba
