3567 5559
432 713 497 784 242
850 717 940 780 aton
959 717 1060 780 1111
1065 717 1133 780 VII.

483 913 668 1014 patiantur
687 913 829 1003 animo,
873 933 956 988 cum
984 910 1058 988 hoc
1084 931 1236 1011 quoque
1275 913 1425 989 intersit
1451 913 1549 989 vitae

481 1045 578 1122 scire
625 1067 695 1125 nos
746 1044 926 1144 quidquid
978 1041 1030 1119 illi
1071 1043 1274 1144 prodidere
1325 1045 1550 1122 mirandum.

481 1175 723 1256 Phaethontis
751 1220 794 1234 -
822 1199 972 1255 sorores
1008 1175 1111 1253 luctu
1136 1182 1294 1254 mutatas
1328 1177 1365 1253 in
1396 1178 1551 1256 arbores

480 1311 642 1414 populos
685 1308 844 1388 lacrimis
871 1308 1111 1386 electrum·
1139 1308 1294 1386 fundere
1323 1352 1373 1366 —
1403 1309 1550 1412 plurimi

479 1451 615 1546 poetae
650 1444 779 1522 dixere
818 1443 1015 1544 primique,
1068 1449 1106 1522 ut
1140 1442 1315 1533 arbitror,
1368 1443 1551 1544 Aeschy-

479 1575 555 1668 lus,
581 1574 829 1668 PhiloxenuS,
856 1575 1077 1676 Euripides,
1118 1572 1296 1674 Satyrus,
1338 1575 1548 1675 Nicander3

483 1710 586 1809 quod
612 1732 699 1787 esse
723 1708 857 1787 falsum
883 1707 1009 1786 ltaliae
1048 1708 1261 1786 testimonio
1288 1716 1406 1807 patet
1462 1709 1549 1788 Dili-

478 1842 670 1943 gentiores
708 1864 836 1921 eorum
861 1840 1070 1924 Electridas
1106 1838 1247 1918 insulas
1274 1841 1312 1916 in
1349 1841 1445 1918 mari
1477 1841 1547 1918 Ha-

479 1973 633 2053 driatico
661 1997 747 2052 esse
774 1972 947 2052 dixerunt
972 1973 1038 2052 rel.

513 2105 609 2182 Quod
630 2107 699 2172 fere
730 2107 765 2170 in
785 2105 814 2171 B
836 2107 907 2170 fieri
929 2107 1027 2188 solet,
1060 2111 1096 2170 ut
1127 2127 1212 2174 nova
1242 2107 1407 2193 quaedam
1440 2108 1547 2194 capita

430 2225 606 2290 maioribus
640 2225 771 2290 litteris·
791 2224 988 2306 indicentur,
1026 2223 1059 2288 id
1086 2224 1117 2289 h.
1139 2223 1160 2292 l.
1194 2224 1334 2290 editores
1367 2225 1545 2291 admonere

428 2348 558 2430 poterat
578 2362 657 2407 voce
675 2352 841 2422 potuerant
860 2342 1043 2406 sucinorum
1067 2363 1138 2408 cum
1162 2341 1356 2428 crystallinis
1376 2343 1542 2408 murrinis·

428 2479 492 2546 que
515 2460 787 2545 comparationem
808 2458 934 2526 absolvi
966 2465 1062 2547 atque
1081 2480 1161 2526 roeo
1194 2466 1317 2526 occasio
1354 2459 1397 2525 ad
1433 2461 1542 2526 electri

426 2581 575 2641 naturam
595 2576 733 2643 transiri.
776 2575 891 2663 Itaque
919 2584 993 2664 post
1016 2589 1182 2662 potuerant
1211 2578 1341 2664 gravius
1370 2578 1539 2664 interpun-

427 2693 568 2781 gendum
599 2695 707 2781 itaque
729 2694 989 2782 prosequendum
1022 2703 1085 2760 est:
1125 2699 1251 2762 Occasio
1274 2733 1314 2744 —
1338 2699 1541 2774 detenendoe:

427 2818 615 2893 tepentes-
636 2819 813 2877 mirandum.
856 2811 951 2887 Quod
973 2819 1081 2878 autem
1102 2813 1134 2877 ln
1157 2813 1271 2878 eodem
1291 2811 1374 2878 libro
1396 2832 1464 2878 non
1487 2831 1539 2878 nor
1628 2860 1630 2883 t

422 2931 485 2997 sed
505 2953 564 2996 non
585 2931 702 3016 legitur
725 2951 796 2996 cum
820 2930 1029 2996 excusatione
1056 2930 1112 2996 illa
1134 2931 1297 3017 scriptoris
1319 2931 1442 3016 optime
1464 2950 1537 2994 con·

425 3049 565 3132 ciliatur3
589 3070 663 3115 nam
684 3070 750 3114 non
770 3047 925 3134 quidquid
940 3047 1056 3112 Gracci
1087 3046 1258 3135 prodidere
1280 3047 1362 3113 scire
1384 3049 1472 3113 vitae
1492 3047 1538 3112 in·

425 3172 536 3248 terem,
566 3166 624 3230 sed
661 3165 723 3231 hoc
743 3163 830 3251 quod
858 3166 893 3230 in
913 3165 1057 3232 luxuriae
1091 3165 1291 3230 irritamento
1323 3164 1535 3230 describendo

423 3283 642 3368 prodiderunt
684 3285 769 3351 ‘lum
789 3282 877 3370 quod
904 3283 937 3351 iu
959 3281 987 3354 B
1009 3283 1165 3368 repertur
1193 3305 1233 3350 cc
1253 3287 1388 3355 undam
1413 3289 1535 3350 temere

422 3402 605 3495 neglectum
638 3408 704 3485 est,
742 3401 964 3475 confirmatum
998 3401 1128 3490 avegio
1160 3400 1280 3470 codicis
1302 3400 1345 3468 Βι
1378 3399 1534 3486 scriptura

419 3527 583 3603 populeae:
611 3517 698 3581 unde
720 3516 856 3581 efficitur
878 3524 1010 3597 populos
1032 3537 1111 3582 csse
1140 3539 1186 3583 cc
1220 3524 1360 3584 mortuis.
1402 3515 1454 3582 Ne
1474 3515 1533 3580 hoc

422 3639 550 3737 quidem
583 3657 662 3701 casu
699 3634 891 3699 factumest
923 3634 1009 3722 quod
1043 3635 1174 3700 nomina
1195 3641 1345 3720 Satyrus,
1382 3639 1532 3700 Nicander

422 3758 541 3823 absunt
563 3777 582 3820 a
602 3756 639 3820 B.
661 3753 775 3842 Neque
797 3752 882 3817 enim
906 3751 1038 3837 Satyrus
1060 3759 1158 3842 poeta
1180 3753 1334 3836 innotuit,
1354 3770 1459 3838 neque
1480 3749 1531 3815 Ni·

422 3875 541 3942 cander
562 3876 646 3958 inter
667 3874 786 3960 primos
808 3877 922 3957 poetas
945 3872 1126 3938 enumerari
1146 3871 1260 3957 potuit.
1290 3869 1404 3960 Neque
1425 3875 1530 3934 tamen

421 3995 550 4058 omnino
573 3992 712 4057 delenda
733 3997 808 4055 sunt
822 3989 987 4054 Plinianae
1009 3987 1177 4054 doctrinae
1199 3988 1348 4076 vestigia,
1370 3986 1428 4052 sed
1449 4006 1529 4072 pone

419 4135 450 4179 v.
472 4131 574 4177 coram
596 4130 640 4174 so.
664 4109 860 4174 Graecorum
881 4104 1132 4194 transponenda.

336 4325 399 4394 822
836 4283 885 4356 32
898 4303 940 4342 ss
953 4277 1103 4356 ibidem.

469 4413 560 4492 Nam
585 4414 686 4513 quod
702 4409 919 4509 Aeschylus
944 4412 981 4488 in
1007 4411 1127 4490 lbaria
1157 4409 1247 4501 [hoc
1266 4416 1325 4487 est
1342 4409 1381 4485 in
1398 4407 1527 4510 Hispa-

469 4551 545 4638 nia]
587 4545 788 4625 Eridanum
827 4567 913 4621 essa
953 4545 1051 4622 dixit
1072 4587 1120 4612 ψ-
1144 4542 1348 4622 faciliorem
1387 4541 1524 4620 veniam
1628 4635 1629 4642 p

467 4683 555 4769 lacit
579 4680 738 4782 ignorati
764 4677 884 4757 sucini
909 4678 948 4760 iu
973 4685 1077 4754 tanta
1101 4677 1313 4778 ignoranda
1339 4675 1451 4755 ordia
