3567 5559
1585 614 1587 685 l

372 724 376 732 Ι
424 770 487 842 122
566 810 578 838 .·
865 773 954 838 liber
968 773 1092 836 XXIX.
1591 770 1595 905 ὶ

425 975 493 1052 cst,
526 975 563 1044 ut
589 969 731 1054 leporem
754 967 886 1032 surdum
914 968 1050 1032 celerius
1080 967 1301 1052 pinguescere
1337 963 1536 1050 reperiamus‘
1616 963 1617 972 ’

425 1086 644 1172 coniungeret.
688 1087 732 1150 ct
752 1086 951 1150 alienissima
977 1105 1061 1150 nova
1087 1103 1171 1169 quae
1192 1085 1259 1148 iam
1291 1083 1415 1168 incipit
1444 1099 1538 1144 rerum
1603 1117 1615 1160 ,ι

370 1197 375 1206 ’
425 1204 525 1268 series
545 1202 587 1268 ab
608 1202 711 1267 altera
729 1181 787 1268 illa
808 1209 954 1288 estqnce
966 1201 1061 1267 modo
1083 1200 1270 1284 absolvitur,
1297 1217 1417 1285 neque
1439 1195 1543 1262 eadem
1605 1180 1606 1190 ἵ

425 1327 584 1386 structura
614 1319 818 1386 includenda
860 1319 1092 1385 Restituendus
1118 1324 1168 1383 est
1196 1318 1433 1384 nominativus
1463 1319 1544 1378 medi-

425 1445 534 1502 cinae
554 1436 645 1500 cuius
666 1435 886 1521 praedicatum
908 1457 927 1500 e
948 1437 1050 1523 primo
1073 1436 1178 1522 capite
1201 1435 1417 1522 cogitatione
1437 1432 1545 1518 repeti·

424 1563 477 1620 tur
497 1574 542 1619 sc.
563 1553 765 1636 ,traduntuc‘

849 1811 972 1886 liuta
1002 1809 1111 1888 XXlX.

510 1993 563 2058 Ad
582 1992 668 2057 bunc
690 2011 818 2078 quoque
839 1991 955 2056 librum
983 1990 1219 2055 emendandum
1244 1991 1412 2076 quoniam
1437 1985 1508 2052 cod.
1530 2003 1545 2046 a

426 2111 560 2176 collatus
580 2130 646 2175 non
667 2116 726 2192 est,
748 2110 920 2196 praecipue
931 2109 980 2173 R²
1006 2107 1205 2194 sequendum
1222 2127 1295 2172 esse
1317 2109 1483 2186 arbitror,
1505 2103 1546 2165 ita

356 2295 360 2302 ,
426 2237 535 2294 tamen
556 2235 591 2293 nt
611 2229 645 2292 in
665 2248 785 2313 magna
799 2227 969 2292 verborum
989 2227 1191 2311 corruptione
1213 2248 1277 2291 non
1298 2227 1405 2292 modo
1433 2219 1544 2288 ceteris

429 2345 510 2414 GR¹
525 2352 607 2427 utar,
629 2344 742 2409 sedne
756 2344 893 2410 acod.d
916 2345 1044 2433 quidem
1058 2343 1247 2427 abstineam,
1269 2345 1324 2432 qui
1347 2347 1380 2430 ᾖ.
1391 2344 1439 2411 22
1462 2339 1545 2404 solus

424 2469 512 2528 recte
533 2468 642 2526 Notior
664 2461 795 2526 exbibet
816 2469 913 2548 atque
931 2481 1171 2548 nonnumquum
1188 2482 1261 2528 cum
1288 2463 1360 2529 cod.
1384 2461 1436 2526 R²
1459 2456 1541 2523 solus

425 2581 598 2667 conspirat.
620 2579 799 2645 Nonnullos
819 2581 908 2645 locos
929 2579 1018 2644 libris
1037 2579 1154 2643 nostris
1171 2580 1418 2646 emendatiores
1434 2578 1537 2642 Herm.

424 2699 588 2764 Barbarus
607 2700 641 2762 in
663 2700 729 2762 suis
758 2697 921 2762 codicibus
942 2697 1021 2783 legit
1049 2693 1147 2762 velu'ti
1170 2700 1197 2782 ξ.
1220 2699 1278 2782 52,
1310 2699 1410 2764 nobis
1435 2698 1539 2759 autem

425 2839 482 2884 eos
496 2838 584 2913 'quos
599 2815 712 2901 Silligii
733 2816 867 2900 Ianique
889 2814 1056 2900 diligentia
1076 2816 1255 2881 accuratius
1274 2817 1430 2882 novimus
1452 2782 1536 2893 sedni

425 2957 520 3027 quam
541 2934 671 2999 incertis
693 2934 836 3018 vestigiis
857 2931 1005 2996 insistere
1026 2933 1214 3017 praestabit.
1236 2935 1344 3020 Atque
1362 2933 1407 2998 ad
1432 2935 1536 2995 cetera

423 3053 502 3118 vitia
527 3051 579 3117 hic
601 3057 728 3138 praeter
761 3070 866 3114 rerum
898 3049 1126 3115 obscuritatem
1153 3052 1275 3116 lacunis
1308 3051 1398 3116 haud
1423 3044 1533 3137 paucis

423 3171 634 3255 foliorumque
666 3167 906 3255 perturbatione
934 3167 1161 3234 accedentibus
1188 3190 1254 3234 non
1280 3191 1387 3255 pauca
1414 3167 1533 3234 intacta

423 3269 479 3352 aut
517 3286 705 3372 imperfecta
748 3284 960 3372 relinquenda
990 3291 1094 3351 erunt.
1132 3323 1171 3332 —-
1226 3288 1274 3370 ἓξ,
1302 3287 1323 3355 2
1357 3287 1402 3352 ad
1425 3283 1467 3356 21
1501 3280 1531 3342 in

357 3443 363 3448 -
390 3489 395 3498 Ι
424 3403 673 3470 chrestomatbia
694 3403 933 3468 tractavimus.'
1106 3402 1112 3407 ’

880 3525 989 3597 24:
1003 3525 1070 3612 1‚8.

340 3563 402 3632 635
455 3654 649 3732 .Theriace
677 3659 830 3730 vocatur
856 3654 1068 3753 excogitata
1103 3655 1322 3754 compositio
1342 3654 1527 3742 luxuriae3

472 3790 511 3866 fit
537 3813 584 3866 ex
610 3789 722 3866 rebus
749 3786 956 3878 sexcentis,
990 3810 1078 3863 oum
1106 3792 1161 3863 tot
1195 3787 1360 3864 remedia
1386 3781 1526 3864 dederit

474 3930 613 4014 natura,
639 3945 734 4021 quae
761 3918 908 4019 singula
924 3918 1157 4018 ⁸sufficerent

505 4052 644 4119 Fabricii
680 4053 907 4118 coniecturae
931 4051 1007 4117 s.1.
1043 4057 1174 4137 recepta
1207 4071 1355 4115 caremus
1389 4051 1525 4139 egregie,

422 4192 497 4235 nam
521 4169 561 4232 de
582 4175 717 4232 externis
751 4189 809 4232 seu
836 4169 1014 4256 peregrinis
1043 4169 1203 4234 mercibus
1224 4169 1347 4234 Plinius
1378 4169 1523 4255 loquitur,

422 4289 470 4353 ita
509 4292 545 4349 ut
577 4290 713 4349 naturae
757 4288 971 4372 excogitatam
997 4288 1177 4369 luxuriam,
1212 4287 1345 4374 singulis
1378 4287 1522 4369 remediis

423 4401 687 4504 compositionem
709 4409 859 4485 opponat.
902 4404 996 4479 Quod
1019 4411 1126 4469 autem
1155 4404 1188 4468 in
1211 4404 1304 4469 codd.
1324 4406 1442 4490 legitur
1459 4412 1521 4486 ficit

424 4545 443 4589 e
470 4520 607 4610 proximi
633 4517 780 4584 vocabuli
806 4529 981 4600 compositio
1026 4532 1119 4601 (nam
1146 4528 1288 4587 lucterice
1305 4524 1347 4586 'in
1368 4523 1522 4611 plerisque

425 4634 596 4717 omittitur)
625 4637 689 4702 line
721 4642 905 4723 corruptum
927 4645 985 4704 est.
1029 4641 1155 4706 Scribo:
1184 4645 1358 4721 compositio
1383 4648 1521 4716 ,lucorum

425 4778 465 4827 ex
485 4761 575 4821 rebus
596 4761 789 4825 externis.
