3567 5559
394 685 439 754 40
835 685 925 750 Liber
946 689 1052 750 XVII.

395 885 538 972 linguam
572 883 730 949 convertit
759 881 803 949 11.
825 881 908 968 p.V
941 880 1110 964 conicitur,
1147 886 1332 960 intettmrmr
1358 879 1394 944 ab
1411 879 1494 944 luno
1595 919 1598 926 ·

395 1003 583 1084 restituitur,
608 1001 713 1086 §.168
724 1001 808 1065 male
819 1000 906 1064 idem
922 1005 990 1062 utor
1000 999 1139 1084 scripsit,
1160 999 1245 1085 quod
1261 998 1384 1063 sanein
1403 995 1496 1063 codd.

317 1171 325 1182 .
396 1120 459 1185 To
478 1125 600 1202 exstat,
622 1117 681 1182 sed
702 1118 773 1183 loco
795 1116 927 1182 Catonis
949 1137 1019 1204 cap.
1041 1116 1082 1183 43
1102 1115 1275 1200 refellitur3
1297 1135 1399 1200 neque
1417 1113 1500 1177 illud

395 1236 532 1323 probare
552 1232 700 1322 possum',
738 1233 823 1320 quod
846 1235 874 1318 ξ.
897 1233 958 1301 170
985 1233 1123 1297 lectione
1148 1233 1280 1318 egregii
1316 1231 1427 1296 codicis
1442 1230 1500 1294 D²

396 1361 505 1440 spreta
525 1373 590 1416 non
612 1357 762 1434 transtris,
784 1359 820 1415 ut
841 1351 918 1433 Sill,
942 1349 999 1414 sed
1022 1356 1090 1414 tutis
1113 1349 1222 1413 edidit.
1255 1347 1375 1414 Verum
1396 1367 1501 1434 paena

395 1470 513 1535 oblitus
534 1488 621 1534 cram
643 1488 779 1532 menon
800 1468 973 1548 librorum,
996 1468 1050 1554 qui
1071 1466 1176 1532 adhuc
1198 1466 1401 1551 prodierunt,
1422 1484 1500 1530 cen-

396 1607 501 1651 suram
525 1605 622 1672 agere
644 1586 703 1650 sed
724 1605 780 1650 eos
793 1591 917 1650 tantum
938 1584 1027 1650 locos
1042 1584 1227 1650 tractandos
1251 1584 1398 1670 elegisse,
1419 1601 1502 1668 quo·

314 1688 325 1699 ⁶
394 1725 465 1768 rum
489 1723 596 1768 reram
623 1704 794 1770 lectionem
826 1703 963 1806 primam
984 1703 1143 1787 reperisse
1172 1701 1250 1766 mihi
1273 1701 1393 1767 videar.
1432 1701 1502 1764 Ita·

395 1841 458 1908 que
480 1819 576 1886 adid
597 1820 683 1908 quod
705 1821 782 1884 mihi
802 1841 1033 1907 proposueram
1055 1819 1162 1886 redeo.

313 1991 377 2059 324
816 1961 1079 2047 tro=22,35.

443 2087 484 2163 ld
509 2094 703 2188 utrumqne
717 2089 873 2166 fructum
892 2089 1047 2180 tardum,
1072 2095 1263 2189 praeterea
1281 2086 1504 2165 retorridum

444 2226 481 2294 et
506 2219 691 2298 nodosum
716 2220 839 2296 reddit
864 2220 1103 2320 pumilionum
1136 2218 1382 2297 incremento:

477 2349 652 2427 Vitium-in
677 2351 738 2414 hac
759 2351 897 2416 lectione
929 2353 1035 2417 inesse
1057 2358 1219 2439 putarem,
1255 2352 1382 2417 etiamsi
1413 2351 1503 2417 codi-

394 2487 465 2550 cum
493 2468 569 2531 Mss.
604 2468 794 2532 auctoritate
823 2469 1079 2555 confirmaretur,
1117 2490 1220 2556 neque
1256 2469 1340 2568 enim
1378 2468 1502 2533 fructus

394 2584 569 2650 retorridus
587 2591 619 2649 et
640 2583 781 2648 nodosus
799 2593 858 2669 est,
882 2585 940 2650 sed
955 2587 1059 2671 arbor,
1080 2594 1114 2652 et
1130 2587 1320 2673 pronomina
1331 2587 1503 2651 coniuncta

396 2702 572 2788 displicent.
594 2700 663 2765 Iam
685 2722 760 2766 vero
774 2702 946 2789 longealia
962 2704 1089 2769 codices
1103 2704 1269 2789 praebent,
1292 2704 1346 2789 qui
1368 2703 1502 2768 verbum

394 2825 495 2885 reddit
516 2819 666 2884 omittunt
688 2827 719 2883 et
741 2827 886 2900 utrimque
908 2822 1059 2904 scribunt,
1082 2823 1259 2886 rectissime
1285 2820 1373 2886 haud
1395 2820 1500 2886 dubie.

396 2942 435 3002 ld
462 2958 505 3002 sc.
538 2938 619 3001 ratio
648 2957 758 3022 eorum
778 2940 833 3024 qui
868 2946 924 3016 aut
945 2941 1089 3024 proximo
1118 2959 1202 3003 anno
1236 2939 1333 3003 vitem
1368 2945 1502 3024 tangere

274 3106 277 3112 .
395 3059 506 3119 vetant
529 3061 584 3117 aut
605 3061 717 3140 quarto
741 3055 873 3120 demum·
891 3055 933 3120 ad
954 3056 1064 3140 iugum
1086 3055 1281 3143 perducunt,
1312 3062 1461 3136 utrimque
1481 3055 1501 3120 i.
1608 3081 1609 3102 ι

395 3191 423 3236 e.
446 3188 518 3234 oum
540 3170 580 3234 ab
601 3168 651 3234 his
672 3172 724 3235 vel
745 3172 806 3236 illis
828 3173 863 3236 fit
896 3183 904 3236 ι’
912 3172 952 3236 ad
975 3192 1068 3236 usum
1091 3173 1233 3250 adverbii
1255 3173 1294 3238 cf.
1316 3173 1407 3238 VIII.
1430 3174 1501 3254 187,
1608 3223 1609 3232 ι

394 3291 506 3368 ,sruom
549 3290 677 3351 turdum‘
722 3295 776 3366 (ιιι
818 3290 847 3373 ξ.
880 3289 921 3357 59
962 3290 1088 3353 tardum
1130 3297 1305 3376 proventu)
1332 3283 1397 3354 'sc
1441 3298 1501 3372 est,

392 3414 553 3484 praetereo
570 3410 765 3483 pumilionum
786 3413 968 3486 incremento
990 3407 1009 3472 i.
1024 3427 1053 3471 e.
1068 3428 1140 3472 cum
1162 3407 1286 3471 arboris
1307 3408 1500 3493 pumiliones

396 3521 585 3586 accrescunt
614 3528 796 3586 retorridum
818 3534 847 3586 et
874 3530 1021 3588 nodorum
1045 3545 1087 3589 sc.
1111 3529 1170 3589 est.
1213 3524 1370 3590 Neutrum
1393 3531 1500 3590 autem

396 3638 546 3704 adiectiri
569 3639 721 3707 absolute
736 3641 880 3726 ponitur,
912 3641 1077 3706 utstatim
1107 3661 1177 3724 ,neo
1199 3649 1301 3706 tutum
1331 3649 1381 3708 est
1417 3641 1502 3730 quod
1608 3633 1609 3694 l

396 3757 637 3826 cicatricosum.‘
680 3757 920 3839 Eudemumodo
949 3760 977 3843 ξ.
1001 3759 1062 3826 178
1088 3759 1258 3824 lectionem
1282 3759 1400 3824 codicis
1429 3755 1455 3823 a'
1470 3765 1500 3824 iu
1608 3809 1609 3812 ι

396 3895 433 3937 ea
455 3888 499 3940 est
519 3889 634 3941 notura
654 3896 717 3939 non
740 3895 812 3939 esse
835 3875 1049 3962 spernendum
1066 3849 1224 3959 existimo,
1247 3895 1344 3964 quum
1365 3897 1500 3964 proepo-

396 3991 545 4056 sitionem
579 3999 611 4056 in
644 4014 716 4057 cum
750 3992 889 4058 ablativo
924 3994 1111 4080 saepissime
1143 4015 1163 4058 a
1189 3994 1294 4059 Plinio
1326 3994 1370 4058 ibi
1405 3995 1500 4059 etium

396 4106 547 4192 coniungi
567 4108 783 4192 meminerim,
813 4111 868 4175 ubi
892 4131 917 4206 a
942 4112 1067 4197 vulgari
1096 4111 1163 4175 fere
1192 4110 1423 4200 consuetudine
1446 4111 1500 4175 ab·

395 4222 534 4306 horreat,
559 4224 679 4311 dequo
702 4247 820 4312 genere
841 4229 909 4312 egit
932 4228 1131 4312 Grasberger
1152 4249 1182 4311 p.
1204 4228 1245 4297 59
1267 4249 1335 4315 sqq.

313 4388 375 4456 om
492 4429 497 4433 ,
678 4381 684 4390 ·
822 4366 1076 4454 iar=22‚35.

447 4484 592 4574 Genera
617 4493 779 4595 separari
806 4517 849 4572 ac
875 4493 1033 4595 singulis
1057 4496 1202 4571 conseri
1228 4497 1406 4576 tractibus
1434 4499 1500 4575 uti·

445 4630 633 4711 lissimum.
