<?xml version="1.0" encoding="UTF-8"?>
<!DOCTYPE html PUBLIC "-//W3C//DTD XHTML 1.0 Transitional//EN"
    "http://www.w3.org/TR/xhtml1/DTD/xhtml1-transitional.dtd">
<html xmlns="http://www.w3.org/1999/xhtml" xml:lang="en" lang="en">
 <head>
  <title>
</title>
<meta http-equiv="Content-Type" content="text/html;charset=utf-8" />
  <meta name='ocr-system' content='tesseract 3.04.00' />
  <meta name='ocr-capabilities' content='ocr_page ocr_carea ocr_par ocr_line ocrx_word'/>
</head>
<body>
  <div class='ocr_page' id='page_1' title='image "./vindiciaeplinia00urligoog_0216.png"; bbox 0 0 3567 5559; ppageno 0'>
   <div class='ocr_carea' id='block_1_1' title="bbox 419 709 1068 778">
    <p class='ocr_par' dir='ltr' id='par_1_1' title="bbox 419 709 1068 778">
     <span class='ocr_line' id='line_1_1' title="bbox 419 709 1068 778; baseline -0.005 0"><span class='ocrx_word' id='word_1_1' title='bbox 419 709 461 778; x_wconf 82' lang='lat'>12</span> <span class='ocrx_word' id='word_1_2' title='bbox 869 711 958 774; x_wconf 79' lang='lat' dir='ltr'>Liber</span> <span class='ocrx_word' id='word_1_3' title='bbox 979 713 1068 775; x_wconf 82' lang='lat' dir='ltr'>XVI.</span> 
     </span>
    </p>
   </div>
   <div class='ocr_carea' id='block_1_2' title="bbox 420 875 1542 1110">
    <p class='ocr_par' dir='ltr' id='par_1_2' title="bbox 420 875 1542 1110">
     <span class='ocr_line' id='line_1_2' title="bbox 502 875 1542 988; baseline -0.008 -15"><span class='ocrx_word' id='word_1_4' title='bbox 502 907 627 973; x_wconf 79' lang='lat' dir='ltr'>Scribe:</span> <span class='ocrx_word' id='word_1_5' title='bbox 649 912 761 983; x_wconf 68' lang='lat' dir='ltr'>eidemr</span> <span class='ocrx_word' id='word_1_6' title='bbox 783 875 1075 986; x_wconf 64' lang='lat' dir='ltr'>armahairtein</span> <span class='ocrx_word' id='word_1_7' title='bbox 1097 904 1147 969; x_wconf 88' lang='lat' dir='ltr'>ed.</span> <span class='ocrx_word' id='word_1_8' title='bbox 1169 903 1370 988; x_wconf 85' lang='lat' dir='ltr'>Delecampii.</span> <span class='ocrx_word' id='word_1_9' title='bbox 1399 901 1542 966; x_wconf 80' lang='lat' dir='ltr'><strong>Ibidem</strong></span> 
     </span>
     <span class='ocr_line' id='line_1_3' title="bbox 420 1019 1541 1110; baseline -0.009 -18"><span class='ocrx_word' id='word_1_10' title='bbox 420 1025 450 1110; x_wconf 63' lang='lat' dir='ltr'>fi.</span> <span class='ocrx_word' id='word_1_11' title='bbox 465 1025 533 1094; x_wconf 78' lang='lat'>114</span> <span class='ocrx_word' id='word_1_12' title='bbox 549 1031 581 1089; x_wconf 81' lang='lat' dir='ltr'>tn</span> <span class='ocrx_word' id='word_1_13' title='bbox 604 1030 663 1090; x_wconf 79' lang='lat' dir='ltr'>Ceo</span> <span class='ocrx_word' id='word_1_14' title='bbox 684 1031 781 1090; x_wconf 63' lang='lat' dir='ltr'>mura</span> <span class='ocrx_word' id='word_1_15' title='bbox 801 1045 820 1090; x_wconf 93' lang='lat' dir='ltr'>e</span> <span class='ocrx_word' id='word_1_16' title='bbox 839 1024 929 1090; x_wconf 85' lang='lat' dir='ltr'>libris</span> <span class='ocrx_word' id='word_1_17' title='bbox 951 1022 1007 1088; x_wconf 93' lang='lat' dir='ltr'>ad</span> <span class='ocrx_word' id='word_1_18' title='bbox 1030 1023 1232 1088; x_wconf 88' lang='lat' dir='ltr'>scribendum</span> <span class='ocrx_word' id='word_1_19' title='bbox 1255 1029 1316 1105; x_wconf 85' lang='lat' dir='ltr'>est,</span> <span class='ocrx_word' id='word_1_20' title='bbox 1342 1019 1421 1084; x_wconf 76' lang='lat' dir='ltr'>Oea</span> <span class='ocrx_word' id='word_1_21' title='bbox 1448 1019 1541 1083; x_wconf 88' lang='lat' dir='ltr'>enim</span> 
     </span>
    </p>
   </div>
   <div class='ocr_carea' id='block_1_3' title="bbox 337 1140 1131 1329">
    <p class='ocr_par' dir='ltr' id='par_1_3' title="bbox 337 1140 1131 1329">
     <span class='ocr_line' id='line_1_4' title="bbox 419 1140 694 1228; baseline 0.004 -20"><span class='ocrx_word' id='word_1_22' title='bbox 419 1162 484 1208; x_wconf 89' lang='lat' dir='ltr'>non</span> <span class='ocrx_word' id='word_1_23' title='bbox 506 1140 694 1228; x_wconf 86' lang='lat' dir='ltr'>appellatur.</span> 
     </span>
     <span class='ocr_line' id='line_1_5' title="bbox 337 1243 1131 1329; baseline -0.016 -4"><span class='ocrx_word' id='word_1_24' title='bbox 337 1255 400 1325; x_wconf 73' lang='lat'>212</span> <span class='ocrx_word' id='word_1_25' title='bbox 812 1243 1131 1329; x_wconf 82' lang='lat'><strong>120=29.30‚52.</strong></span> 
     </span>
    </p>
   </div>
   <div class='ocr_carea' id='block_1_4' title="bbox 349 1385 1613 2129">
    <p class='ocr_par' dir='ltr' id='par_1_4' title="bbox 467 1385 1613 1884">
     <span class='ocr_line' id='line_1_6' title="bbox 468 1385 1538 1487; baseline -0.004 -22"><span class='ocrx_word' id='word_1_26' title='bbox 468 1387 603 1466; x_wconf 83' lang='lat' dir='ltr'>Femnt</span> <span class='ocrx_word' id='word_1_27' title='bbox 637 1396 675 1466; x_wconf 89' lang='lat' dir='ltr'>et</span> <span class='ocrx_word' id='word_1_28' title='bbox 699 1388 892 1467; x_wconf 82' lang='lat' dir='ltr'>abellanae</span> <span class='ocrx_word' id='word_1_29' title='bbox 917 1388 1013 1466; x_wconf 92' lang='lat' dir='ltr'>iulos</span> <span class='ocrx_word' id='word_1_30' title='bbox 1040 1385 1250 1487; x_wconf 81' lang='lat' dir='ltr'>compactili</span> <span class='ocrx_word' id='word_1_31' title='bbox 1276 1386 1365 1464; x_wconf 90' lang='lat' dir='ltr'>callo</span> <span class='ocrx_word' id='word_1_32' title='bbox 1386 1387 1450 1462; x_wconf 87' lang='lat' dir='ltr'>ad</span> <span class='ocrx_word' id='word_1_33' title='bbox 1480 1385 1538 1461; x_wconf 94' lang='lat' dir='ltr'>ni-</span> 
     </span>
     <span class='ocr_line' id='line_1_7' title="bbox 467 1519 1535 1622; baseline -0.005 -24"><span class='ocrx_word' id='word_1_34' title='bbox 467 1521 518 1598; x_wconf 91' lang='lat' dir='ltr'>hil</span> <span class='ocrx_word' id='word_1_35' title='bbox 533 1519 660 1616; x_wconf 90' lang='lat' dir='ltr'>utiles;</span> <span class='ocrx_word' id='word_1_36' title='bbox 687 1519 842 1622; x_wconf 90' lang='lat' dir='ltr'>plurima</span> <span class='ocrx_word' id='word_1_37' title='bbox 866 1545 956 1600; x_wconf 89' lang='lat' dir='ltr'>vero</span> <span class='ocrx_word' id='word_1_38' title='bbox 982 1521 1125 1618; x_wconf 83' lang='lat' dir='ltr'>buxus;</span> <span class='ocrx_word' id='word_1_39' title='bbox 1152 1525 1290 1596; x_wconf 89' lang='lat' dir='ltr'>namet</span> <span class='ocrx_word' id='word_1_40' title='bbox 1316 1542 1448 1596; x_wconf 85' lang='lat' dir='ltr'>semen</span> <span class='ocrx_word' id='word_1_41' title='bbox 1469 1542 1535 1594; x_wconf 88' lang='lat' dir='ltr'>su-</span> 
     </span>
     <span class='ocr_line' id='line_1_8' title="bbox 470 1655 1534 1755; baseline -0.004 -25"><span class='ocrx_word' id='word_1_42' title='bbox 470 1677 530 1730; x_wconf 92' lang='lat' dir='ltr'>um</span> <span class='ocrx_word' id='word_1_43' title='bbox 544 1661 594 1753; x_wconf 55' lang='lat' dir='ltr'>‚et</span> <span class='ocrx_word' id='word_1_44' title='bbox 618 1677 776 1755; x_wconf 84' lang='lat' dir='ltr'>granum</span> <span class='ocrx_word' id='word_1_45' title='bbox 801 1655 904 1753; x_wconf 92' lang='lat' dir='ltr'>quod</span> <span class='ocrx_word' id='word_1_46' title='bbox 931 1660 1141 1752; x_wconf 82' lang='lat' dir='ltr'>crataegum</span> <span class='ocrx_word' id='word_1_47' title='bbox 1167 1658 1321 1743; x_wconf 84' lang='lat' dir='ltr'>vocant,</span> <span class='ocrx_word' id='word_1_48' title='bbox 1348 1657 1381 1728; x_wconf 88' lang='lat' dir='ltr'>et</span> <span class='ocrx_word' id='word_1_49' title='bbox 1397 1673 1422 1726; x_wconf 89' lang='lat' dir='ltr'>a</span> <span class='ocrx_word' id='word_1_50' title='bbox 1436 1673 1534 1750; x_wconf 87' lang='lat' dir='ltr'>sep-</span> 
     </span>
     <span class='ocr_line' id='line_1_9' title="bbox 469 1782 1613 1884; baseline -0.005 -23"><span class='ocrx_word' id='word_1_51' title='bbox 469 1786 652 1864; x_wconf 87' lang='lat' dir='ltr'>tentrione</span> <span class='ocrx_word' id='word_1_52' title='bbox 685 1786 849 1877; x_wconf 87' lang='lat' dir='ltr'>viscum,</span> <span class='ocrx_word' id='word_1_53' title='bbox 889 1810 912 1862; x_wconf 88' lang='lat' dir='ltr'>a</span> <span class='ocrx_word' id='word_1_54' title='bbox 950 1785 1103 1862; x_wconf 90' lang='lat' dir='ltr'>meridie</span> <span class='ocrx_word' id='word_1_55' title='bbox 1135 1784 1320 1884; x_wconf 85' lang='lat' dir='ltr'>hyphear,</span> <span class='ocrx_word' id='word_1_56' title='bbox 1348 1784 1402 1860; x_wconf 84' lang='lat' dir='ltr'>de</span> <span class='ocrx_word' id='word_1_57' title='bbox 1441 1782 1532 1880; x_wconf 91' lang='lat' dir='ltr'>quis</span> <span class='ocrx_word' id='word_1_58' title='bbox 1610 1827 1613 1855; x_wconf 52' lang='lat' dir='ltr'>r</span> 
     </span>
    </p>

    <p class='ocr_par' dir='ltr' id='par_1_5' title="bbox 349 1917 1531 2129">
     <span class='ocr_line' id='line_1_10' title="bbox 349 1917 1531 2020; baseline -0.006 -25"><span class='ocrx_word' id='word_1_59' title='bbox 349 1917 354 1921; x_wconf 81' lang='grc'><strong>’</strong></span> <span class='ocrx_word' id='word_1_60' title='bbox 469 1917 827 2020; x_wconf 78' lang='lat' dir='ltr'>pluramoxpau103</span> <span class='ocrx_word' id='word_1_61' title='bbox 852 1919 1111 2016; x_wconf 74' lang='lat' dir='ltr'>interdumque</span> <span class='ocrx_word' id='word_1_62' title='bbox 1135 1917 1271 2017; x_wconf 89' lang='lat' dir='ltr'>pariter</span> <span class='ocrx_word' id='word_1_63' title='bbox 1296 1939 1358 1992; x_wconf 87' lang='lat' dir='ltr'>res</span> <span class='ocrx_word' id='word_1_64' title='bbox 1379 1920 1531 2014; x_wconf 88' lang='lat' dir='ltr'>quater-</span> 
     </span>
     <span class='ocr_line' id='line_1_11' title="bbox 469 2051 1371 2129; baseline -0.006 -1"><span class='ocrx_word' id='word_1_65' title='bbox 469 2073 536 2128; x_wconf 92' lang='lat' dir='ltr'>nas</span> <span class='ocrx_word' id='word_1_66' title='bbox 561 2051 711 2129; x_wconf 88' lang='lat' dir='ltr'>habent.</span> <span class='ocrx_word' id='word_1_67' title='bbox 1365 2067 1371 2074; x_wconf 55' lang='lat'><em>⁴</em></span> 
     </span>
    </p>
   </div>
   <div class='ocr_carea' id='block_1_5' title="bbox 327 2193 1621 4746">
    <p class='ocr_par' dir='ltr' id='par_1_6' title="bbox 327 2193 1621 4746">
     <span class='ocr_line' id='line_1_12' title="bbox 439 2193 1621 2285; baseline -0.003 -21"><span class='ocrx_word' id='word_1_68' title='bbox 439 2273 445 2278; x_wconf 47' lang='grc'><strong>,</strong></span> <span class='ocrx_word' id='word_1_69' title='bbox 503 2198 789 2284; x_wconf 74' lang='lat' dir='ltr'>impeditissimum</span> <span class='ocrx_word' id='word_1_70' title='bbox 808 2200 915 2264; x_wconf 92' lang='lat' dir='ltr'>locum</span> <span class='ocrx_word' id='word_1_71' title='bbox 936 2199 1063 2285; x_wconf 88' lang='lat' dir='ltr'>iamque</span> <span class='ocrx_word' id='word_1_72' title='bbox 1080 2198 1113 2262; x_wconf 93' lang='lat' dir='ltr'>in</span> <span class='ocrx_word' id='word_1_73' title='bbox 1136 2196 1310 2282; x_wconf 84' lang='lat' dir='ltr'>archetypo</span> <span class='ocrx_word' id='word_1_74' title='bbox 1333 2195 1435 2262; x_wconf 88' lang='lat' dir='ltr'>codice</span> <span class='ocrx_word' id='word_1_75' title='bbox 1453 2193 1527 2260; x_wconf 80' lang='lat' dir='ltr'>foe·</span> <span class='ocrx_word' id='word_1_76' title='bbox 1620 2267 1621 2274; x_wconf 9' lang='grc' dir='ltr'>χ</span> 
     </span>
     <span class='ocr_line' id='line_1_13' title="bbox 332 2313 1621 2400; baseline -0.003 -20"><span class='ocrx_word' id='word_1_77' title='bbox 332 2351 345 2370; x_wconf 86' lang='lat'><strong>·</strong></span> <span class='ocrx_word' id='word_1_78' title='bbox 421 2317 471 2380; x_wconf 89' lang='lat' dir='ltr'>dis</span> <span class='ocrx_word' id='word_1_79' title='bbox 493 2315 617 2379; x_wconf 87' lang='lat' dir='ltr'>mendis</span> <span class='ocrx_word' id='word_1_80' title='bbox 636 2315 837 2400; x_wconf 88' lang='lat' dir='ltr'>inquinatum</span> <span class='ocrx_word' id='word_1_81' title='bbox 858 2315 999 2381; x_wconf 84' lang='lat' dir='ltr'>violento</span> <span class='ocrx_word' id='word_1_82' title='bbox 1022 2314 1203 2400; x_wconf 85' lang='lat' dir='ltr'>eodemque</span> <span class='ocrx_word' id='word_1_83' title='bbox 1221 2313 1399 2378; x_wconf 85' lang='lat' dir='ltr'>certissimo</span> <span class='ocrx_word' id='word_1_84' title='bbox 1419 2331 1526 2376; x_wconf 87' lang='lat' dir='ltr'>reme·</span> <span class='ocrx_word' id='word_1_85' title='bbox 1619 2353 1621 2391; x_wconf 47' lang='lat' dir='ltr'>p</span> 
     </span>
     <span class='ocr_line' id='line_1_14' title="bbox 373 2429 1621 2516; baseline -0.003 -20"><span class='ocrx_word' id='word_1_86' title='bbox 373 2457 379 2465; x_wconf 91' lang='lat'><strong>·</strong></span> <span class='ocrx_word' id='word_1_87' title='bbox 420 2431 472 2496; x_wconf 86' lang='lat' dir='ltr'>dio</span> <span class='ocrx_word' id='word_1_88' title='bbox 500 2429 694 2497; x_wconf 85' lang='lat' dir='ltr'>sanabimus.</span> <span class='ocrx_word' id='word_1_89' title='bbox 743 2433 825 2495; x_wconf 87' lang='lat' dir='ltr'>Leve</span> <span class='ocrx_word' id='word_1_90' title='bbox 850 2437 900 2496; x_wconf 89' lang='lat' dir='ltr'>est</span> <span class='ocrx_word' id='word_1_91' title='bbox 927 2431 1013 2516; x_wconf 88' lang='lat' dir='ltr'>quod</span> <span class='ocrx_word' id='word_1_92' title='bbox 1044 2430 1201 2496; x_wconf 81' lang='lat' dir='ltr'>Graecum</span> <span class='ocrx_word' id='word_1_93' title='bbox 1231 2429 1421 2495; x_wconf 83' lang='lat' dir='ltr'>vocabulum</span> <span class='ocrx_word' id='word_1_94' title='bbox 1443 2433 1526 2493; x_wconf 80' lang='lat' dir='ltr'>iulos</span> <span class='ocrx_word' id='word_1_95' title='bbox 1620 2473 1621 2510; x_wconf 44' lang='lat' dir='ltr'>p</span> 
     </span>
     <span class='ocr_line' id='line_1_15' title="bbox 419 2545 1621 2634; baseline -0.002 -21"><span class='ocrx_word' id='word_1_96' title='bbox 419 2549 453 2613; x_wconf 94' lang='lat' dir='ltr'>in</span> <span class='ocrx_word' id='word_1_97' title='bbox 473 2553 581 2612; x_wconf 74' lang='lat' dir='ltr'>usuras</span> <span class='ocrx_word' id='word_1_98' title='bbox 591 2545 779 2612; x_wconf 90' lang='lat' dir='ltr'>mutandum</span> <span class='ocrx_word' id='word_1_99' title='bbox 795 2567 867 2612; x_wconf 89' lang='lat' dir='ltr'>esse</span> <span class='ocrx_word' id='word_1_100' title='bbox 884 2567 1062 2631; x_wconf 86' lang='lat' dir='ltr'>censemus,</span> <span class='ocrx_word' id='word_1_101' title='bbox 1083 2549 1121 2615; x_wconf 82' lang='grc' dir='ltr'>τὸ</span> <span class='ocrx_word' id='word_1_102' title='bbox 1143 2548 1330 2634; x_wconf 74' lang='grc' dir='ltr'><strong><em>βοτρυῶδες</em></strong></span> <span class='ocrx_word' id='word_1_103' title='bbox 1342 2545 1523 2631; x_wconf 73' lang='lat' dir='ltr'>Theophra</span> <span class='ocrx_word' id='word_1_104' title='bbox 1619 2611 1621 2626; x_wconf 23' lang='lat' dir='ltr'><em>A</em></span> 
     </span>
     <span class='ocr_line' id='line_1_16' title="bbox 420 2663 1621 2752; baseline -0.003 -20"><span class='ocrx_word' id='word_1_105' title='bbox 420 2664 535 2735; x_wconf 82' lang='lat' dir='ltr'>atilli.</span> <span class='ocrx_word' id='word_1_106' title='bbox 556 2667 585 2734; x_wconf 82' lang='lat'>5.</span> <span class='ocrx_word' id='word_1_107' title='bbox 607 2667 638 2749; x_wconf 81' lang='lat'>5,</span> <span class='ocrx_word' id='word_1_108' title='bbox 659 2685 754 2752; x_wconf 90' lang='lat' dir='ltr'>quem</span> <span class='ocrx_word' id='word_1_109' title='bbox 782 2685 861 2730; x_wconf 85' lang='lat' dir='ltr'>sane</span> <span class='ocrx_word' id='word_1_110' title='bbox 884 2665 984 2732; x_wconf 89' lang='lat' dir='ltr'>altero</span> <span class='ocrx_word' id='word_1_111' title='bbox 1006 2666 1077 2732; x_wconf 87' lang='lat' dir='ltr'>loco</span> <span class='ocrx_word' id='word_1_112' title='bbox 1096 2665 1208 2734; x_wconf 80' lang='lat'>.111.‘7.</span> <span class='ocrx_word' id='word_1_113' title='bbox 1230 2665 1260 2732; x_wconf 88' lang='lat'>3.</span> <span class='ocrx_word' id='word_1_114' title='bbox 1282 2665 1396 2732; x_wconf 81' lang='grc' dir='ltr'><em>ἴουλον</em></span> <span class='ocrx_word' id='word_1_115' title='bbox 1415 2663 1521 2750; x_wconf 89' lang='lat' dir='ltr'>appel·</span> <span class='ocrx_word' id='word_1_116' title='bbox 1619 2707 1621 2747; x_wconf 45' lang='lat' dir='ltr'>p</span> 
     </span>
     <span class='ocr_line' id='line_1_17' title="bbox 419 2779 1621 2870; baseline -0.005 -20"><span class='ocrx_word' id='word_1_117' title='bbox 419 2786 480 2850; x_wconf 89' lang='lat' dir='ltr'>lat:</span> <span class='ocrx_word' id='word_1_118' title='bbox 502 2786 535 2848; x_wconf 94' lang='lat' dir='ltr'>in</span> <span class='ocrx_word' id='word_1_119' title='bbox 556 2783 595 2850; x_wconf 93' lang='lat' dir='ltr'>iis</span> <span class='ocrx_word' id='word_1_120' title='bbox 618 2803 701 2870; x_wconf 88' lang='lat' dir='ltr'>quae</span> <span class='ocrx_word' id='word_1_121' title='bbox 723 2789 898 2869; x_wconf 88' lang='lat' dir='ltr'>sequuntur</span> <span class='ocrx_word' id='word_1_122' title='bbox 911 2783 1020 2870; x_wconf 83' lang='lat' dir='ltr'>gravia</span> <span class='ocrx_word' id='word_1_123' title='bbox 1040 2783 1174 2848; x_wconf 81' lang='lat' dir='ltr'>vulnera</span> <span class='ocrx_word' id='word_1_124' title='bbox 1194 2781 1332 2868; x_wconf 89' lang='lat' dir='ltr'>primum</span> <span class='ocrx_word' id='word_1_125' title='bbox 1354 2787 1442 2846; x_wconf 90' lang='lat' dir='ltr'>arunt</span> <span class='ocrx_word' id='word_1_126' title='bbox 1458 2779 1516 2844; x_wconf 91' lang='lat' dir='ltr'>de·</span> <span class='ocrx_word' id='word_1_127' title='bbox 1619 2825 1621 2866; x_wconf 34' lang='lat' dir='ltr'>p</span> 
     </span>
     <span class='ocr_line' id='line_1_18' title="bbox 419 2881 1621 2987; baseline -0.007 -20"><span class='ocrx_word' id='word_1_128' title='bbox 419 2900 568 2987; x_wconf 88' lang='lat' dir='ltr'>tegenda.</span> <span class='ocrx_word' id='word_1_129' title='bbox 611 2900 745 2966; x_wconf 79' lang='lat' dir='ltr'>Falsum</span> <span class='ocrx_word' id='word_1_130' title='bbox 766 2901 851 2965; x_wconf 90' lang='lat' dir='ltr'>enim</span> <span class='ocrx_word' id='word_1_131' title='bbox 873 2907 939 2984; x_wconf 84' lang='lat' dir='ltr'>est,</span> <span class='ocrx_word' id='word_1_132' title='bbox 961 2901 1082 2965; x_wconf 82' lang='lat' dir='ltr'>buxum</span> <span class='ocrx_word' id='word_1_133' title='bbox 1103 2883 1155 2965; x_wconf 78' lang='lat' dir='ltr'>res</span> <span class='ocrx_word' id='word_1_134' title='bbox 1177 2899 1248 2964; x_wconf 89' lang='lat' dir='ltr'>illas</span> <span class='ocrx_word' id='word_1_135' title='bbox 1271 2905 1441 2985; x_wconf 84' lang='lat' dir='ltr'>quaternas</span> <span class='ocrx_word' id='word_1_136' title='bbox 1458 2881 1516 2960; x_wconf 90' lang='lat' dir='ltr'>ha-</span> <span class='ocrx_word' id='word_1_137' title='bbox 1619 2951 1621 2987; x_wconf 66' lang='lat' dir='ltr'>r</span> 
     </span>
     <span class='ocr_line' id='line_1_19' title="bbox 327 2992 1621 3104; baseline -0.005 -21"><span class='ocrx_word' id='word_1_138' title='bbox 327 3017 334 3028; x_wconf 85' lang='lat'>&#39;</span> <span class='ocrx_word' id='word_1_139' title='bbox 420 3018 511 3102; x_wconf 85' lang='lat' dir='ltr'>bere,</span> <span class='ocrx_word' id='word_1_140' title='bbox 534 3017 651 3083; x_wconf 82' lang='lat' dir='ltr'>falsum</span> <span class='ocrx_word' id='word_1_141' title='bbox 674 2992 857 3104; x_wconf 80' lang='lat' dir='ltr'>crataegum</span> <span class='ocrx_word' id='word_1_142' title='bbox 880 3037 1015 3104; x_wconf 90' lang='lat' dir='ltr'>granum</span> <span class='ocrx_word' id='word_1_143' title='bbox 1036 3016 1114 3081; x_wconf 82' lang='lat' dir='ltr'>buxi</span> <span class='ocrx_word' id='word_1_144' title='bbox 1134 3016 1258 3098; x_wconf 83' lang='lat' dir='ltr'>vocari,</span> <span class='ocrx_word' id='word_1_145' title='bbox 1290 3036 1396 3102; x_wconf 88' lang='lat' dir='ltr'>neque</span> <span class='ocrx_word' id='word_1_146' title='bbox 1417 3013 1512 3080; x_wconf 87' lang='lat' dir='ltr'>Plinio</span> <span class='ocrx_word' id='word_1_147' title='bbox 1619 3071 1621 3104; x_wconf 23' lang='lat' dir='ltr'>p</span> 
     </span>
     <span class='ocr_line' id='line_1_20' title="bbox 419 3131 1509 3220; baseline -0.007 -20"><span class='ocrx_word' id='word_1_148' title='bbox 419 3135 501 3200; x_wconf 84' lang='lat' dir='ltr'>tales</span> <span class='ocrx_word' id='word_1_149' title='bbox 523 3154 647 3200; x_wconf 87' lang='lat' dir='ltr'>errores</span> <span class='ocrx_word' id='word_1_150' title='bbox 667 3135 825 3220; x_wconf 88' lang='lat' dir='ltr'>imputare</span> <span class='ocrx_word' id='word_1_151' title='bbox 847 3135 972 3218; x_wconf 82' lang='lat' dir='ltr'>licebit,</span> <span class='ocrx_word' id='word_1_152' title='bbox 994 3133 1158 3219; x_wconf 88' lang='lat' dir='ltr'>cumipse</span> <span class='ocrx_word' id='word_1_153' title='bbox 1180 3152 1216 3197; x_wconf 88' lang='lat' dir='ltr'>se</span> <span class='ocrx_word' id='word_1_154' title='bbox 1237 3152 1313 3196; x_wconf 83' lang='lat' dir='ltr'>mox</span> <span class='ocrx_word' id='word_1_155' title='bbox 1333 3133 1355 3196; x_wconf 90' lang='lat' dir='ltr'>i.</span> <span class='ocrx_word' id='word_1_156' title='bbox 1369 3153 1401 3199; x_wconf 73' lang='lat' dir='ltr'>e.</span> <span class='ocrx_word' id='word_1_157' title='bbox 1413 3131 1509 3218; x_wconf 76' lang='lat' dir='ltr'>§.2dh</span> 
     </span>
     <span class='ocr_line' id='line_1_21' title="bbox 421 3225 1511 3338; baseline -0.006 -21"><span class='ocrx_word' id='word_1_158' title='bbox 421 3251 462 3317; x_wconf 89' lang='lat' dir='ltr'>de</span> <span class='ocrx_word' id='word_1_159' title='bbox 482 3251 569 3316; x_wconf 85' lang='lat' dir='ltr'>visco</span> <span class='ocrx_word' id='word_1_160' title='bbox 597 3256 631 3315; x_wconf 88' lang='lat' dir='ltr'>et</span> <span class='ocrx_word' id='word_1_161' title='bbox 657 3249 821 3338; x_wconf 82' lang='lat' dir='ltr'>hypheare</span> <span class='ocrx_word' id='word_1_162' title='bbox 842 3253 936 3336; x_wconf 88' lang='lat' dir='ltr'>plura</span> <span class='ocrx_word' id='word_1_163' title='bbox 964 3225 1121 3332; x_wconf 86' lang='lat' dir='ltr'>dicturum</span> <span class='ocrx_word' id='word_1_164' title='bbox 1143 3243 1216 3314; x_wconf 86' lang='lat' dir='ltr'>ossa</span> <span class='ocrx_word' id='word_1_165' title='bbox 1232 3249 1442 3338; x_wconf 86' lang='lat' dir='ltr'>profiteatur,</span> <span class='ocrx_word' id='word_1_166' title='bbox 1473 3247 1511 3312; x_wconf 92' lang='lat' dir='ltr'>ibi</span> 
     </span>
     <span class='ocr_line' id='line_1_22' title="bbox 421 3364 1608 3452; baseline -0.004 -21"><span class='ocrx_word' id='word_1_167' title='bbox 421 3372 528 3431; x_wconf 91' lang='lat' dir='ltr'>autem</span> <span class='ocrx_word' id='word_1_168' title='bbox 552 3367 594 3431; x_wconf 91' lang='lat' dir='ltr'>de</span> <span class='ocrx_word' id='word_1_169' title='bbox 614 3367 697 3448; x_wconf 84' lang='lat' dir='ltr'>ilice,</span> <span class='ocrx_word' id='word_1_170' title='bbox 720 3388 853 3452; x_wconf 89' lang='lat' dir='ltr'>quercu,</span> <span class='ocrx_word' id='word_1_171' title='bbox 878 3369 950 3435; x_wconf 86' lang='lat' dir='ltr'>aliis</span> <span class='ocrx_word' id='word_1_172' title='bbox 968 3367 1135 3432; x_wconf 87' lang='lat' dir='ltr'>arboribus</span> <span class='ocrx_word' id='word_1_173' title='bbox 1145 3367 1253 3452; x_wconf 88' lang='lat' dir='ltr'>plura,</span> <span class='ocrx_word' id='word_1_174' title='bbox 1275 3364 1354 3430; x_wconf 93' lang='lat' dir='ltr'>nihil</span> <span class='ocrx_word' id='word_1_175' title='bbox 1378 3365 1420 3430; x_wconf 90' lang='lat' dir='ltr'>de</span> <span class='ocrx_word' id='word_1_176' title='bbox 1435 3365 1510 3429; x_wconf 82' lang='lat' dir='ltr'>buxo</span> <span class='ocrx_word' id='word_1_177' title='bbox 1602 3368 1608 3401; x_wconf 81' lang='lat'>²</span> 
     </span>
     <span class='ocr_line' id='line_1_23' title="bbox 419 3482 1621 3576; baseline -0.004 -27"><span class='ocrx_word' id='word_1_178' title='bbox 419 3489 536 3550; x_wconf 88' lang='lat' dir='ltr'>narret.</span> <span class='ocrx_word' id='word_1_179' title='bbox 579 3482 770 3558; x_wconf 82' lang='lat' dir='ltr'>Quaerenda</span> <span class='ocrx_word' id='word_1_180' title='bbox 791 3490 841 3548; x_wconf 86' lang='lat' dir='ltr'>est</span> <span class='ocrx_word' id='word_1_181' title='bbox 860 3484 958 3570; x_wconf 88' lang='lat' dir='ltr'>igitur</span> <span class='ocrx_word' id='word_1_182' title='bbox 980 3505 1034 3568; x_wconf 85' lang='lat' dir='ltr'>ea,</span> <span class='ocrx_word' id='word_1_183' title='bbox 1059 3483 1099 3548; x_wconf 88' lang='lat' dir='ltr'>de</span> <span class='ocrx_word' id='word_1_184' title='bbox 1121 3504 1184 3569; x_wconf 92' lang='lat' dir='ltr'>qua</span> <span class='ocrx_word' id='word_1_185' title='bbox 1205 3504 1289 3548; x_wconf 90' lang='lat' dir='ltr'>nnnc</span> <span class='ocrx_word' id='word_1_186' title='bbox 1309 3483 1398 3568; x_wconf 88' lang='lat' dir='ltr'>loqui</span> <span class='ocrx_word' id='word_1_187' title='bbox 1408 3489 1511 3568; x_wconf 84' lang='lat' dir='ltr'>putan-</span> <span class='ocrx_word' id='word_1_188' title='bbox 1619 3538 1621 3576; x_wconf 26' lang='lat' dir='ltr'>p</span> 
     </span>
     <span class='ocr_line' id='line_1_24' title="bbox 420 3597 1513 3683; baseline -0.005 -18"><span class='ocrx_word' id='word_1_189' title='bbox 420 3600 480 3665; x_wconf 88' lang='lat' dir='ltr'>dus</span> <span class='ocrx_word' id='word_1_190' title='bbox 516 3599 573 3683; x_wconf 83' lang='lat' dir='ltr'>sit,</span> <span class='ocrx_word' id='word_1_191' title='bbox 607 3599 710 3668; x_wconf 85' lang='lat' dir='ltr'>arbor.</span> <span class='ocrx_word' id='word_1_192' title='bbox 764 3599 854 3676; x_wconf 85' lang='lat' dir='ltr'>Quae</span> <span class='ocrx_word' id='word_1_193' title='bbox 887 3599 1124 3675; x_wconf 71' lang='lat' dir='ltr'>demonstratur</span> <span class='ocrx_word' id='word_1_194' title='bbox 1150 3599 1199 3664; x_wconf 95' lang='lat' dir='ltr'>his</span> <span class='ocrx_word' id='word_1_195' title='bbox 1222 3599 1327 3666; x_wconf 84' lang='lat' dir='ltr'>verbis</span> <span class='ocrx_word' id='word_1_196' title='bbox 1355 3619 1398 3663; x_wconf 89' lang='lat' dir='ltr'>ax</span> <span class='ocrx_word' id='word_1_197' title='bbox 1417 3597 1513 3664; x_wconf 87' lang='lat' dir='ltr'>indice</span> 
     </span>
     <span class='ocr_line' id='line_1_25' title="bbox 355 3694 1512 3804; baseline -0.003 -22"><span class='ocrx_word' id='word_1_198' title='bbox 355 3703 360 3708; x_wconf 51' lang='grc'><strong>’</strong></span> <span class='ocrx_word' id='word_1_199' title='bbox 419 3718 491 3783; x_wconf 89' lang='lat' dir='ltr'>libri</span> <span class='ocrx_word' id='word_1_200' title='bbox 512 3699 597 3786; x_wconf 82' lang='lat' dir='ltr'>XVI.</span> <span class='ocrx_word' id='word_1_201' title='bbox 626 3721 672 3802; x_wconf 88' lang='lat' dir='ltr'>,ln</span> <span class='ocrx_word' id='word_1_202' title='bbox 694 3718 808 3804; x_wconf 88' lang='lat' dir='ltr'>quibus</span> <span class='ocrx_word' id='word_1_203' title='bbox 830 3717 923 3804; x_wconf 91' lang='lat' dir='ltr'>plura</span> <span class='ocrx_word' id='word_1_204' title='bbox 943 3738 1049 3782; x_wconf 88' lang='lat' dir='ltr'>rernm</span> <span class='ocrx_word' id='word_1_205' title='bbox 1072 3699 1193 3804; x_wconf 87' lang='lat' dir='ltr'>genera</span> <span class='ocrx_word' id='word_1_206' title='bbox 1213 3694 1396 3804; x_wconf 84' lang='lat' dir='ltr'>gignantur.</span> <span class='ocrx_word' id='word_1_207' title='bbox 1426 3718 1512 3780; x_wconf 84' lang='lat' dir='ltr'>Creo·</span> 
     </span>
     <span class='ocr_line' id='line_1_26' title="bbox 421 3811 1610 4015; baseline -0.006 -113"><span class='ocrx_word' id='word_1_208' title='bbox 421 3839 579 3923; x_wconf 84' lang='lat' dir='ltr'>taegum‚‘</span> <span class='ocrx_word' id='word_1_209' title='bbox 616 3811 798 3902; x_wconf 87' lang='lat' dir='ltr'>nominatur</span> <span class='ocrx_word' id='word_1_210' title='bbox 824 3835 876 3900; x_wconf 89' lang='lat' dir='ltr'>hio</span> <span class='ocrx_word' id='word_1_211' title='bbox 904 3852 1030 3922; x_wconf 86' lang='lat' dir='ltr'>quoque</span> <span class='ocrx_word' id='word_1_212' title='bbox 1051 3855 1162 3902; x_wconf 83' lang='lat' dir='ltr'>verum</span> <span class='ocrx_word' id='word_1_213' title='bbox 1189 3855 1254 3898; x_wconf 93' lang='lat' dir='ltr'>non</span> <span class='ocrx_word' id='word_1_214' title='bbox 1278 3853 1335 3899; x_wconf 92' lang='lat' dir='ltr'>suo</span> <span class='ocrx_word' id='word_1_215' title='bbox 1355 3833 1427 3898; x_wconf 93' lang='lat' dir='ltr'>loco</span> <span class='ocrx_word' id='word_1_216' title='bbox 1452 3850 1512 3898; x_wconf 84' lang='lat' dir='ltr'>cro·</span> <span class='ocrx_word' id='word_1_217' title='bbox 1600 3834 1610 4015; x_wconf 65' lang='lat' dir='ltr'>p</span> 
     </span>
     <span class='ocr_line' id='line_1_27' title="bbox 420 3950 1512 4041; baseline -0.005 -21"><span class='ocrx_word' id='word_1_218' title='bbox 420 3966 527 4036; x_wconf 69' lang='lat' dir='ltr'>toruus</span> <span class='ocrx_word' id='word_1_219' title='bbox 548 3975 606 4020; x_wconf 87' lang='lat' dir='ltr'>sen</span> <span class='ocrx_word' id='word_1_220' title='bbox 627 3962 800 4041; x_wconf 87' lang='lat' dir='ltr'>crataegon</span> <span class='ocrx_word' id='word_1_221' title='bbox 821 3955 842 4018; x_wconf 92' lang='lat' dir='ltr'>i.</span> <span class='ocrx_word' id='word_1_222' title='bbox 867 3974 894 4018; x_wconf 90' lang='lat' dir='ltr'>e.</span> <span class='ocrx_word' id='word_1_223' title='bbox 917 3953 982 4018; x_wconf 88' lang='lat' dir='ltr'>ilex</span> <span class='ocrx_word' id='word_1_224' title='bbox 1003 3952 1156 4039; x_wconf 86' lang='lat' dir='ltr'>aquifolia</span> <span class='ocrx_word' id='word_1_225' title='bbox 1169 3950 1324 4032; x_wconf 82' lang='lat' dir='ltr'>(XXVII.</span> <span class='ocrx_word' id='word_1_226' title='bbox 1346 3951 1413 4030; x_wconf 77' lang='lat'><strong>63).</strong></span> <span class='ocrx_word' id='word_1_227' title='bbox 1454 3951 1512 4035; x_wconf 82' lang='lat' dir='ltr'>Ap·</span> 
     </span>
     <span class='ocr_line' id='line_1_28' title="bbox 419 4067 1515 4158; baseline -0.003 -23"><span class='ocrx_word' id='word_1_228' title='bbox 419 4078 512 4158; x_wconf 90' lang='lat' dir='ltr'>paret</span> <span class='ocrx_word' id='word_1_229' title='bbox 539 4072 636 4156; x_wconf 89' lang='lat' dir='ltr'>igitur</span> <span class='ocrx_word' id='word_1_230' title='bbox 662 4091 726 4137; x_wconf 92' lang='lat' dir='ltr'>non</span> <span class='ocrx_word' id='word_1_231' title='bbox 753 4071 890 4152; x_wconf 85' lang='lat' dir='ltr'>buxum,</span> <span class='ocrx_word' id='word_1_232' title='bbox 924 4070 982 4134; x_wconf 92' lang='lat' dir='ltr'>sed</span> <span class='ocrx_word' id='word_1_233' title='bbox 1008 4077 1194 4155; x_wconf 88' lang='lat' dir='ltr'>crataegum</span> <span class='ocrx_word' id='word_1_234' title='bbox 1223 4067 1367 4133; x_wconf 87' lang='lat' dir='ltr'>describi.</span> <span class='ocrx_word' id='word_1_235' title='bbox 1410 4067 1515 4132; x_wconf 89' lang='lat' dir='ltr'>Rehn-</span> 
     </span>
     <span class='ocr_line' id='line_1_29' title="bbox 423 4182 1516 4274; baseline -0.005 -22"><span class='ocrx_word' id='word_1_236' title='bbox 423 4191 529 4274; x_wconf 89' lang='lat' dir='ltr'>quitur</span> <span class='ocrx_word' id='word_1_237' title='bbox 550 4207 685 4272; x_wconf 89' lang='lat' dir='ltr'>granum</span> <span class='ocrx_word' id='word_1_238' title='bbox 706 4189 864 4272; x_wconf 88' lang='lat' dir='ltr'>crataegi,</span> <span class='ocrx_word' id='word_1_239' title='bbox 876 4223 880 4231; x_wconf 73' lang='lat'>=</span> <span class='ocrx_word' id='word_1_240' title='bbox 893 4182 983 4250; x_wconf 85' lang='lat' dir='ltr'>cuius</span> <span class='ocrx_word' id='word_1_241' title='bbox 1006 4207 1124 4252; x_wconf 89' lang='lat' dir='ltr'>nomen</span> <span class='ocrx_word' id='word_1_242' title='bbox 1146 4207 1164 4251; x_wconf 88' lang='lat' dir='ltr'>e</span> <span class='ocrx_word' id='word_1_243' title='bbox 1186 4188 1214 4272; x_wconf 61' lang='grc' dir='ltr'>ᾖ.</span> <span class='ocrx_word' id='word_1_244' title='bbox 1239 4186 1289 4253; x_wconf 84' lang='grc'>32.</span> <span class='ocrx_word' id='word_1_245' title='bbox 1310 4183 1516 4270; x_wconf 88' lang='lat' dir='ltr'>repetendum</span> 
     </span>
     <span class='ocr_line' id='line_1_30' title="bbox 337 4301 1515 4388; baseline -0.003 -18"><span class='ocrx_word' id='word_1_246' title='bbox 337 4372 341 4379; x_wconf 76' lang='grc'><strong><em>,</em></strong></span> <span class='ocrx_word' id='word_1_247' title='bbox 421 4305 496 4370; x_wconf 89' lang='lat' dir='ltr'>erit:</span> <span class='ocrx_word' id='word_1_248' title='bbox 526 4322 655 4368; x_wconf 89' lang='lat' dir='ltr'>coccum</span> <span class='ocrx_word' id='word_1_249' title='bbox 680 4304 731 4369; x_wconf 85' lang='lat' dir='ltr'>vel</span> <span class='ocrx_word' id='word_1_250' title='bbox 760 4303 977 4388; x_wconf 80' lang='lat' dir='ltr'>Hispanorum</span> <span class='ocrx_word' id='word_1_251' title='bbox 1004 4308 1041 4366; x_wconf 93' lang='lat' dir='ltr'>ut</span> <span class='ocrx_word' id='word_1_252' title='bbox 1067 4303 1193 4368; x_wconf 84' lang='lat' dir='ltr'>ridetm</span> <span class='ocrx_word' id='word_1_253' title='bbox 1212 4302 1325 4388; x_wconf 86' lang='lat' dir='ltr'>lingua</span> <span class='ocrx_word' id='word_1_254' title='bbox 1345 4301 1515 4367; x_wconf 89' lang='lat' dir='ltr'>cusculium</span> 
     </span>
     <span class='ocr_line' id='line_1_31' title="bbox 419 4416 1516 4508; baseline -0.006 -19"><span class='ocrx_word' id='word_1_255' title='bbox 419 4421 465 4489; x_wconf 92' lang='lat' dir='ltr'>ibi</span> <span class='ocrx_word' id='word_1_256' title='bbox 486 4419 672 4508; x_wconf 87' lang='lat' dir='ltr'>appellatur.</span> <span class='ocrx_word' id='word_1_257' title='bbox 714 4419 894 4484; x_wconf 77' lang='lat' dir='ltr'>Fatendum</span> <span class='ocrx_word' id='word_1_258' title='bbox 916 4417 1046 4505; x_wconf 90' lang='lat' dir='ltr'>quidem</span> <span class='ocrx_word' id='word_1_259' title='bbox 1067 4425 1126 4501; x_wconf 83' lang='lat' dir='ltr'>est,</span> <span class='ocrx_word' id='word_1_260' title='bbox 1148 4441 1188 4484; x_wconf 89' lang='lat' dir='ltr'>ne</span> <span class='ocrx_word' id='word_1_261' title='bbox 1211 4420 1256 4485; x_wconf 87' lang='lat' dir='ltr'>sic</span> <span class='ocrx_word' id='word_1_262' title='bbox 1277 4419 1407 4506; x_wconf 87' lang='lat' dir='ltr'>quidem</span> <span class='ocrx_word' id='word_1_263' title='bbox 1427 4416 1516 4483; x_wconf 88' lang='lat' dir='ltr'>Plinii</span> 
     </span>
     <span class='ocr_line' id='line_1_32' title="bbox 362 4515 1514 4625; baseline -0.006 -18"><span class='ocrx_word' id='word_1_264' title='bbox 362 4589 367 4617; x_wconf 88' lang='grc'>,</span> <span class='ocrx_word' id='word_1_265' title='bbox 420 4539 637 4606; x_wconf 86' lang='lat' dir='ltr'>narrationem</span> <span class='ocrx_word' id='word_1_266' title='bbox 667 4557 739 4601; x_wconf 88' lang='lat' dir='ltr'>oum</span> <span class='ocrx_word' id='word_1_267' title='bbox 766 4555 804 4601; x_wconf 90' lang='lat' dir='ltr'>eo</span> <span class='ocrx_word' id='word_1_268' title='bbox 834 4555 928 4625; x_wconf 91' lang='lat' dir='ltr'>quem</span> <span class='ocrx_word' id='word_1_269' title='bbox 951 4515 1115 4601; x_wconf 85' lang='lat' dir='ltr'>auctorem</span> <span class='ocrx_word' id='word_1_270' title='bbox 1136 4537 1278 4624; x_wconf 91' lang='lat' dir='ltr'>sequitur</span> <span class='ocrx_word' id='word_1_271' title='bbox 1300 4535 1514 4623; x_wconf 81' lang='lat' dir='ltr'>Theophrasto</span> 
     </span>
     <span class='ocr_line' id='line_1_33' title="bbox 419 4653 1512 4746; baseline -0.005 -21"><span class='ocrx_word' id='word_1_272' title='bbox 419 4679 548 4746; x_wconf 85' lang='lat' dir='ltr'>prorsus</span> <span class='ocrx_word' id='word_1_273' title='bbox 579 4655 764 4739; x_wconf 76' lang='lat' dir='ltr'>convenire5</span> <span class='ocrx_word' id='word_1_274' title='bbox 792 4673 930 4740; x_wconf 84' lang='lat' dir='ltr'>namque</span> <span class='ocrx_word' id='word_1_275' title='bbox 950 4653 1004 4719; x_wconf 87' lang='lat' dir='ltr'>ille</span> <span class='ocrx_word' id='word_1_276' title='bbox 1026 4653 1084 4723; x_wconf 85' lang='lat'>111.</span> <span class='ocrx_word' id='word_1_277' title='bbox 1109 4657 1158 4724; x_wconf 75' lang='lat'>15.</span> <span class='ocrx_word' id='word_1_278' title='bbox 1180 4657 1210 4726; x_wconf 82' lang='grc'>6.</span> <span class='ocrx_word' id='word_1_279' title='bbox 1233 4656 1371 4741; x_wconf 90' lang='lat' dir='ltr'>primum</span> <span class='ocrx_word' id='word_1_280' title='bbox 1393 4653 1435 4719; x_wconf 87' lang='lat' dir='ltr'>da</span> <span class='ocrx_word' id='word_1_281' title='bbox 1453 4673 1512 4720; x_wconf 85' lang='lat' dir='ltr'>ors·</span> 
     </span>
    </p>
   </div>
   <div class='ocr_carea' id='block_1_6' title="bbox 0 0 1788 5559">
    <p class='ocr_par' dir='ltr' id='par_1_7' title="bbox 0 0 1788 5559">
     <span class='ocr_line' id='line_1_34' title="bbox 0 0 1788 5559; baseline 0 0"><span class='ocrx_word' id='word_1_282' title='bbox 0 0 1788 5559; x_wconf 95' lang='lat' dir='ltr'> </span> 
     </span>
    </p>
   </div>
  </div>
 </body>
</html>
