3567 5559
404 754 465 822 188
853 761 942 822 Liber
962 762 1067 824 XXX.

321 999 383 1068 ἢ
817 960 1098 1046 m=mm

453 1081 652 1162 Cicatrices
688 1086 735 1160 ad
770 1087 934 1165 colorem
966 1087 1110 1164 reducit
1148 1087 1330 1187 pecudum
1368 1083 1526 1184 pulmo,

457 1216 657 1320 praecipue
685 1245 731 1296 ex
758 1223 891 1310 ariete,
919 1221 1049 1298 sebum
1079 1245 1125 1296 ex
1152 1221 1258 1296 nitro.

488 1352 610 1417 Vocem
638 1373 721 1439 quae
749 1361 824 1438 post
846 1377 874 1417 v.
904 1358 1005 1416 sebum
1027 1352 1147 1416 excidit
1175 1373 1193 1416 e
1222 1351 1317 1415 Plinii
1345 1348 1528 1412 Valeriani

405 1469 475 1533 loco
498 1469 556 1533 ΙΙΙ.
579 1470 620 1536 46
641 1470 715 1534 addi
737 1471 826 1535 licet:
851 1493 893 1534 sc.
916 1477 1108 1534 leoninam.

324 1593 387 1663 676
830 1594 899 1664 124
913 1613 954 1643 =
974 1593 1088 1678 ttae.
1116 1621 1141 1662 ι

455 1720 612 1797 Facilius
648 1721 836 1808 enituntur
873 1744 969 1820 quae
1015 1722 1139 1796 limum
1177 1718 1386 1795 anserinum
1427 1739 1530 1792 curn

454 1877 572 1953 aquae
600 1854 745 1931 duobus
773 1855 917 1951 cyathis
944 1855 1133 1932 sorbuere.

489 1961 748 2050 Molestissimum
779 1987 956 2052 remedium
977 1987 1062 2052 unde
1085 1985 1223 2050 editores
1257 1984 1441 2068 acceperint
1467 2001 1529 2044 ne-

409 2105 490 2185 scio,
521 2125 595 2167 narn
618 2103 703 2190 quod
724 2105 757 2167 in
780 2104 844 2168 VR
871 2105 989 2188 legitur
1019 2125 1085 2168 enm
1108 2109 1278 2166 anserinum
1307 2099 1394 2164 haud
1419 2099 1528 2164 dubis

408 2220 486 2284 nihil
510 2228 559 2284 est
586 2222 648 2284 nisi
667 2223 864 2307 praepositio
892 2223 977 2285 male
1005 2221 1196 2306 eproximis
1233 2218 1337 2283 verbis
1365 2217 1527 2300 repetita.

408 2340 520 2422 Itaque
531 2358 613 2422 quae
625 2339 657 2400 in
680 2338 736 2401 Td
753 2340 910 2424 reperitur
921 2340 1015 2402 lectio
1038 2344 1186 2420 adipem
1200 2341 1368 2400 anserinum
1385 2335 1528 2398 omnino

408 2452 607 2518 restituenda
628 2460 687 2520 est.

326 2557 442 2641 eu·
814 2576 1108 2652 ramma

459 2703 553 2781 Sunt
580 2713 616 2782 et
642 2704 801 2781 minutae
829 2706 1040 2806 longaeque
1067 2705 1247 2782 candidae
1263 2702 1525 2801 cocleacpas-

459 2839 527 2913 sim
554 2838 780 2915 oberrantes.

493 2969 617 3054 Copula
638 2971 821 3054 importuna
838 2972 952 3035 uitium
976 2970 1127 3034 orationis
1145 2969 1314 3049 indicatur,
1335 2966 1432 3050 idque
1451 2987 1526 3030 non

407 3087 543 3151 librariis
566 3087 624 3150 sed
645 3082 838 3170 editoribus‚'
867 3109 885 3152 e
908 3087 1023 3172 quibus
1045 3090 1069 3152 1.
1092 3088 1218 3171 scripsit
1238 3091 1384 3148 minumae
1406 3087 1527 3148 tubric-

409 3225 517 3282 aeque,
540 3204 653 3288 culpae
668 3203 818 3269 dandum.
843 3204 963 3269 Omnes
981 3206 1065 3268 enirn
1082 3203 1209 3268 codices
1231 3209 1400 3280 loricaeque
1425 3207 1528 3275 (tori-

409 3341 464 3383 cae
485 3341 562 3399 qaae
582 3321 630 3398 V)
655 3321 791 3404 habent,
823 3323 988 3386 Plinianae
1011 3322 1189 3406 elegantiae
1213 3339 1366 3404 perquam
1387 3337 1527 3382 accom-

408 3437 572 3500 modatum
603 3457 667 3522 qua
702 3445 803 3502 testas
838 3442 1017 3504 coclearum
1049 3440 1180 3504 loricam
1210 3458 1274 3501 non
1306 3437 1413 3519 inepte
1460 3455 1527 3521 ap·

321 3615 328 3618 .
410 3556 548 3641 pellavit.
596 3554 733 3619 Librarii
763 3555 859 3620 aliurn
895 3577 1034 3621 errorem
1062 3557 1259 3620 admiserunt
1294 3553 1442 3637 religiose
1479 3553 1528 3618 ab

410 3673 586 3739 editoribus
621 3680 790 3753 servatum.
834 3673 939 3748 Quum
977 3676 1061 3738 enim
1092 3681 1159 3738 toto
1192 3672 1297 3757 capite
1311 3667 1440 3734 'Plinius
1477 3669 1526 3735 de

409 3793 501 3856 malis
524 3792 740 3873 muliebribus,
764 3791 804 3854 de
826 3798 919 3884 partu
935 3799 967 3856 et
983 3798 1140 3876 conceptu
1153 3791 1311 3875 loquatur,
1333 3787 1414 3850 inter
1430 3806 1525 3870 quac

410 3910 552 3973 remedia
575 3911 752 3974 coclearum
775 3930 838 3973 non
862 3910 1030 3973 »minimam
1058 3914 1181 3994 partem
1211 3927 1284 3970 esse
1308 3905 1527 3987 demonstrat,

411 4027 464 4110 qui
487 4026 617 4089 tandem
649 4028 769 4091 lactum
792 4034 841 4090 est
864 4033 899 4090 ut
935 4026 974 4090 de
995 4047 1056 4089 usu
1091 4025 1269 4120 coclearum
1303 4023 1336 4085 in
1369 4024 1520 4105 corporis

411 4140 550 4203 candore
573 4144 784 4225 emendando,
807 4144 960 4208 scabendi
982 4145 1106 4229 pruritu
1127 4142 1263 4206 levando
1290 4139 1448 4208 disserat?
1473 4143 1523 4206 At

412 4278 510 4341 supra
531 4258 560 4341 §.
584 4259 640 4324 121
666 4245 737 4324 curn
759 4261 838 4324 nibil
860 4262 947 4326 aliud
970 4262 1046 4346 agit,
1068 4261 1151 4324 hanc
1175 4277 1300 4344 quoque
1324 4255 1521 4322 sententiam

413 4374 575 4439 addidisse
597 4375 758 4462 putandus
780 4383 839 4441 est.
880 4379 952 4454 Qua
974 4401 1036 4465 quo
1060 4379 1153 4443 decet
1175 4376 1329 4440 translate
1351 4373 1520 4458 aptissime

412 4495 457 4559 sic
480 4496 624 4580 procedit
646 4495 764 4559 oratic:
806 4502 915 4560 sedeat
935 4505 1085 4577 pruritum
1115 4502 1235 4560 cocleae
1271 4501 1400 4557 asinatae
1437 4499 1520 4557 tatae

412 4622 560 4679 contritae
581 4623 682 4681 illitae.
727 4620 803 4678 Sunt
823 4627 851 4678 et
873 4620 1005 4678 rninntce
1033 4621 1203 4691 loricaeque
1225 4616 1375 4675 carrdidae
1397 4617 1518 4676 rualene

409 4740 521 4811 passim
545 4739 738 4808 oberrantes;
766 4738 825 4795 bae
846 4735 1005 4806 arefactae
1030 4737 1092 4794 sole
1118 4738 1148 4794 in
1170 4735 1276 4809 tequlis
1303 4741 1466 4808 tonsaeque
1486 4734 1515 4792 in

411 4855 513 4927 forino
531 4855 692 4914 misceatur
719 4856 844 4913 lomento
872 4855 976 4930 aequis
994 4853 1132 4927 partious
1159 4833 1383 4928 mitioremque
1409 4857 1437 4910 et
1458 4852 1517 4912 tae·

526 5130 609 5190 A
