3567 5559
865 463 872 486 ρ
945 443 964 480 0

441 723 504 792 162
856 727 947 790 Liber
972 727 1131 789 XXVIII.

483 925 560 986 Eos
580 903 656 987 hoec
675 925 834 987 credamus
854 928 913 987 rite
930 929 999 1000 fieri
1018 927 1167 1001 iubere,
1197 933 1262 987 cut
1290 926 1437 986 extranei
1461 926 1539 984 iuter·

481 1052 571 1104 uentu
593 1077 627 1090 —-
654 1045 784 1120 adepm?
826 1060 1006 1118 quemquam
1027 1047 1094 1106 illos
1113 1046 1262 1119 retipione
1290 1050 1428 1104 mutuo
1450 1047 1543 1100 tueo-

483 1167 544 1222 tur
565 1168 594 1221 et
611 1161 759 1238 fascinus,
781 1163 993 1236 imperatorum
1016 1195 1056 1206 -
1078 1168 1179 1222 custos
1200 1163 1252 1236 qut
1273 1163 1355 1221 deus
1376 1162 1456 1220 inter
1465 1173 1545 1216 sucro

483 1279 623 1339 Romana
650 1279 814 1338 Vestalibus
841 1280 949 1338 colitur
971 1286 999 1340 et
1019 1312 1061 1322 -
1081 1279 1229 1356 inuidiae,
1258 1280 1409 1354 iubetque
1435 1277 1548 1336 eodem

483 1396 634 1471 respicere
653 1397 756 1455 similis
770 1396 920 1456 medicina
942 1398 1063 1471 linquae
1083 1391 1139 1456 rel.

872 1559 875 1566 '
899 1548 947 1620 40
960 1578 1005 1608 =
1020 1547 1090 1633 ts.

489 1673 633 1752 Morsus
663 1673 823 1753 hominis
860 1676 956 1754 inter
981 1676 1203 1777 asperrimos
1241 1699 1404 1776 quoque
1433 1695 1551 1750 nume.

406 1811 409 1818 '
490 1814 599 1883 ratur.

525 1939 650 2005 Scribe:
671 1945 750 2004 inter
770 1947 952 2021 asperrimos
972 1961 1150 2021 quosque.

901 2098 1113 2186 41=t,9.

490 2223 661 2302 Virorum
689 2271 732 2283 -
750 2225 905 2327 capillus
933 2228 1033 2303 canis
1058 2226 1242 2304 morsibus
1268 2227 1497 2304 medetur-
1520 2225 1550 2294 et

366 2365 369 2372 '
489 2343 649 2456 capitum
682 2359 898 2436 vulneribus
926 2403 970 2418 -
998 2383 1020 2435 a
1044 2356 1193 2436 revulso
1232 2359 1349 2450 cruci,
1410 2359 1550 2456 quartu-

491 2488 559 2580 nis,
587 2491 803 2568 combustus
826 2537 871 2548 —
898 2492 1144 2570 carcinomati.

523 2625 582 2687 too
603 2630 719 2688 reuulso
739 2622 772 2686 R
797 2613 852 2687 ¹oc
871 2630 990 2688 revulso
1012 2623 1084 2707 vd,
1111 2624 1314 2705 'recussimm
1336 2624 1357 2687 i.
1382 2644 1414 2688 e.
1439 2640 1488 2686 ac
1507 2635 1546 2680 re·

441 2745 525 2804 uulso
548 2747 633 2804 cruci
656 2740 702 2826 (si
725 2739 810 2804 cruci
831 2740 977 2805 revulsus
998 2739 1095 2805 fuerit
1116 2742 1180 2814 vir)
1206 2747 1371 2820 quartanis.

867 2895 1078 2982 43:4,1o
1614 2892 1615 2981 t

488 3024 521 3100 si
546 3023 703 3124 pollices
742 3025 877 3126 pedum
903 3027 1113 3125 pungantur
1146 3047 1288 3124 eaeque
1323 3033 1456 3126 guttae
1496 3041 1545 3094 re-

489 3157 651 3235 serantur
678 3159 714 3234 in
740 3158 883 3235 faciem.

357 2959 419 3030 599

487 3293 659 3384 reseruntur
680 3307 720 3373 R.
741 3328 774 3372 se
791 3311 935 3384 serantur
954 3307 993 3371 V.
1017 3306 1142 3374 Scribe:
1165 3314 1198 3372 si
1215 3310 1357 3383 suuntur
1377 3311 1410 3371 in
1432 3309 1543 3386 facicm.

881 3419 927 3502 51
944 3461 989 3492 =
1000 3429 1096 3515 4,13.

486 3555 646 3634 Excedit
672 3555 783 3632 fidem
808 3598 856 3614 ·-
883 3579 973 3633 eura
997 3578 1070 3655 qua
1095 3558 1228 3636 sordes
1247 3555 1431 3635 virilitatis
1460 3573 1541 3632 con·

485 3697 541 3766 tra
567 3690 804 3790 scorpionum
842 3690 938 3766 ictus
964 3688 1162 3788 singularis
1198 3689 1351 3778 remedii
1378 3689 1539 3767 celeber-

380 3827 382 3833 '
484 3824 565 3900 rimi
588 3831 760 3902 auctores
787 3821 967 3916 clamant3
993 3845 1120 3899 rursus
1136 3822 1172 3898 in
1189 3822 1344 3910 feminis
1373 3845 1468 3921 quas
1493 3820 1539 3894 in-

484 3957 636 4032 fantium
662 3954 747 4034 alvo
775 3955 893 4032 editas
919 3953 956 4029 in
983 3959 1087 4031 utero
1115 3955 1197 4055 ipso
1230 3960 1357 4032 contre
1375 3953 1539 4046 sterilita-

482 4091 554 4160 tem
583 4087 692 4162 subdi
721 4094 896 4186 censent3
923 4086 1131 4164 meconium
1158 4094 1307 4164 vocant.

515 4213 697 4279 Menenium
721 4239 785 4281 non
815 4225 1037 4304 antepartum
1070 4219 1102 4282 in
1124 4225 1215 4282 utero
1245 4218 1302 4282 sed
1340 4218 1450 4283 statim
1472 4219 1535 4306 post

431 4340 558 4419 partum
592 4331 644 4396 edi
680 4339 827 4416 constat,
862 4335 902 4398 of.
924 4337 1059 4400 Aristot.
1082 4334 1125 4399 H.
1149 4334 1245 4399 enim.
1268 4334 1341 4400 VH.
1365 4336 1407 4402 10
1428 4357 1459 4421 p.
1482 4334 1533 4402 587

432 4451 511 4516 Bek.
554 4453 665 4538 ltaque
687 4455 813 4533 turpem
835 4470 975 4516 errorem
999 4459 1032 4516 et
1052 4473 1158 4538 poene
1174 4451 1344 4517 ridiculum
1366 4473 1408 4517 ne
1419 4453 1533 4518 Plinius

363 4569 366 4576 '
433 4569 630 4636 commisisse
652 4565 814 4650 videatur,
844 4568 994 4652 suppletu
1015 4589 1099 4655 quoe
1123 4569 1242 4635 excidit
1263 4570 1378 4636 rocula
1400 4571 1533 4638 scriben-

433 4687 509 4752 dum
530 4693 596 4752 est:
634 4705 759 4767 poene
780 4690 810 4748 in
830 4695 916 4748 utero
939 4691 1013 4764 ipso.
1100 4768 1102 4774 Ι
