3567 5559
628 2029 979 2145 annutante,
1057 2048 1064 2061 ’

246 2251 305 2313 cui
332 2248 518 2333 diligentem
544 2250 819 2341 utilissimumque
847 2276 986 2339 operam
1009 2254 1155 2343 Silligius
1182 2264 1358 2348 praestitit,

242 2366 362 2451 paucis
388 2373 499 2431 tamen
527 2369 704 2436 etiamnum
731 2373 818 2439 vitiis
841 2375 993 2453 laborat,
1028 2392 1168 2459 quorum
1196 2380 1358 2447 nonnulla
1499 2392 1510 2403 '

241 2484 398 2551 Heraeus
420 2486 455 2548 in
478 2484 728 2574 Schneidewini
750 2492 924 2577 Philologo
939 2493 1013 2559 Vll.
1031 2516 1065 2577 p.
1078 2476 1151 2563 7572.
1171 2518 1248 2584 sqq.
1268 2498 1356 2565 libro
1416 2568 1419 2579 ,

241 2605 410 2689 Prugensi
431 2605 610 2689 sagaciter,
622 2630 705 2678 usus
727 2610 872 2678 sustulit.
916 2612 957 2677 Et
978 2614 1118 2698 primum
1137 2616 1273 2703 quidem
1286 2618 1316 2707 §.
1326 2618 1357 2684 3.

243 2725 333 2809 apud
356 2721 516 2809 Silliginm
539 2726 586 2791 ita
606 2729 785 2815 scriptam:

295 2883 551 2982 Triumphalis
575 2897 617 2963 et
644 2889 836 2982 censorius
863 2898 904 2964 tu
932 2887 1133 2985 sexiesque
1154 2890 1285 2967 consul
1314 2914 1358 2964 ac

295 3017 516 3096 tribuniciae
539 3025 736 3123 potestatis
758 3024 946 3125 particeps
970 3033 1025 3117 et,
1051 3022 1150 3121 quod
1171 3022 1229 3097 his
1248 3024 1357 3119 'nobi-

298 3154 373 3229 lius
398 3156 518 3233 fecisti
539 3160 625 3237 dum
645 3160 737 3238 illud
758 3159 855 3261 patri
876 3158 1016 3259 pariter
1040 3167 1080 3235 et
1106 3158 1273 3258 equestri
1298 3186 1357 3237 or-

294 3292 373 3369 dini
399 3304 590 3393 praestas,
622 3299 842 3397 praefectus
866 3294 1030 3395 praetori
1060 3292 1161 3389 eino,
1190 3296 1357 3372 omnie-

291 3456 382 3530 que
408 3430 522 3505 haec
548 3432 619 3506 rei
644 3432 879 3532 publicae,
898 3442 936 3507 et
953 3426 1357 3531 nobisquid'em'qnaiis

294 3568 333 3643 in
354 3568 534 3677 castrensi
556 3569 818 3662 contuberni03
843 3592 914 3643 nec
938 3567 1131 3668 quicquam
1152 3567 1191 3641 in
1213 3576 1253 3641 te
1278 3584 1370 3643 mu·”

294 3702 385 3781 tavit
404 3706 575 3779 fortunae
598 3704 820 3806 amplitudo,
848 3704 920 3779 nisi
944 3714 985 3779 ut
1010 3704 1191 3804 prodesse
1213 3707 1357 3782 tantun-¹
1443 3714 1448 3723 “

295 3840 381 3915 dem
404 3864 537 3941 posses
563 3852 605 3916 ut
629 3843 757 3916 velles.
806 3834 809 3843 ’
850 3947 852 3953 ,
1241 3844 1243 3849 ’
1278 3814 1280 3819 ¹

247 4027 315 4091 ego
339 4010 383 4075 ita
411 4012 649 4095 emendabant,
682 4022 725 4078 ut,
747 3979 903 4095 copulam
930 4017 962 4073 et
987 4020 1065 4093 post
1090 4006 1240 4095 publicae
1264 4006 1299 4073 in
1324 4028 1359 4073 es

242 4138 425 4209 mutarem,
455 4150 522 4216 quo
548 4129 682 4214 quidem
710 4130 821 4214 posito
842 4127 942 4199 telem
963 4146 1099 4199 sensum
1123 4128 1237 4195 inesse
1262 4135 1358 4211 puta·

239 4250 336 4315 bam:
367 4259 403 4315 et
423 4247 621 4335 praefectus
641 4249 819 4335 praetorii,
840 4248 929 4333 quod
960 4246 1014 4315 his
1027 4267 1085 4315 sc.
1106 4247 1231 4355 ceteris
1253 4246 1359 4333 digni-

241 4366 369 4433 tatibus
397 4366 539 4438 nobilius
566 4368 696 4449 fecisti,
727 4370 804 4437 dum
826 4368 861 4435 id
884 4386 1004 4433 munus
1033 4365 1197 4450 praefecti
1217 4365 1305 4451 patri
1326 4374 1359 4433 et

242 4485 430 4571 equitibus,
460 4489 548 4559 sicut
575 4489 688 4556 omnia
710 4491 759 4557 rei
780 4488 936 4574 publicae
957 4494 1130 4573 praestes,
1153 4485 1251 4551 nobis
1270 4484 1359 4551 idem

242 4603 400 4670 mansisti
420 4615 455 4671 et
473 4605 630 4674 fortunae
649 4608 864 4677 mutationem
882 4626 992 4691 aequo
1007 4602 1118 4671 animo
1132 4610 1292 4687 expertus
1308 4612 1358 4667 et.

1106 4734 1150 4797 1*
