3567 5559
413 701 477 776 228
854 705 1060 768 cnam
1064 703 1097 769 V.

495 905 612 982 mals
636 899 683 984 B,
714 904 839 980 sinnida
865 898 948 964 VR
973 899 995 965 i.
1023 917 1052 966 e.
1078 903 1216 979 simpuls's
1242 895 1330 984 quod
1357 895 1470 982 ipsum
1497 895 1530 958 in

414 1018 509 1087 codd
529 1018 666 1084 Barbari
687 1016 788 1084 fuisso
808 1015 962 1100 traditur,
983 1017 1162 1082 rectissimo
1180 1015 1269 1082 haud
1290 1014 1401 1081 dubio.

330 1129 395 1199 780
819 1138 889 1214 ddi)
913 1159 956 1194 =
981 1133 1130 1212 ibidem.

464 1311 509 1328 -
536 1268 600 1346 vel
637 1266 860 1344 adsiduitate
884 1268 1018 1344 satiant
1052 1265 1259 1367 figlinarum
1286 1287 1421 1368 opera,
1463 1267 1530 1342 im-

464 1402 648 1491 bricibus,
686 1398 797 1478 doliis
834 1401 883 1477 ad
916 1401 1003 1476 vina
1042 1401 1280 1495 excogitatis
1321 1399 1371 1477 ad
1411 1421 1530 1500 aquas

463 1532 621 1624 tubulis,
659 1532 707 1609 ad
735 1533 900 1611 balineas
927 1535 1148 1624 mammatiS,
1182 1533 1230 1609 ad
1256 1540 1355 1610 tecta
1384 1531 1529 1611 coctili-

465 1669 534 1746 bus
574 1665 760 1744 iatercuiis
806 1665 1153 1767 fundamentisque,
1211 1675 1273 1743 sut
1311 1689 1410 1768 quae
1449 1675 1529 1745 rota

464 1801 555 1878 fiunt
579 1799 645 1877 rei.

497 1933 792 2020 Ingeniosissimam
813 1934 1094 2020 transpositionem
1116 1953 1180 2018 qus
1193 1935 1290 1998 lanus
1311 1951 1401 1998 nunc
1422 1932 1528 1998 locum

413 2053 636 2140 perturbatum
657 2049 829 2116 emendare
850 2051 961 2134 voluit,
989 2051 1159 2138 probaram
1181 2051 1322 2133 omnino,
1344 2049 1407 2117 nisi
1430 2049 1529 2116 rerba

415 2177 483 2252 ‚aut
526 2189 608 2254 quae
645 2189 744 2233 manu
785 2170 947 2254 aptantur‘
990 2188 1032 2234 ex
1065 2169 1179 2234 Isidori
1215 2169 1293 2253 orig.
1326 2166 1448 2234 XX„4
1482 2167 1528 2234 in·

415 2285 555 2351 serenda
598 2306 670 2352 essa
711 2307 730 2350 a
771 2285 885 2352 Bamb.
929 2287 1068 2352 lectione
1109 2293 1368 2371 consequeretur.
1415 2285 1527 2352 Bamb.

416 2407 500 2468 enim
523 2423 620 2485 quum
643 2408 796 2490 scriptum
818 2403 970 2469 exhibeat
991 2412 1038 2469 vei
1057 2425 1136 2484 quae
1152 2409 1345 2470 adsiduitatis
1362 2404 1449 2488 (nou
1472 2408 1527 2468 od·

415 2526 559 2585 siduitate
592 2529 629 2584 ut
658 2529 708 2586 est
743 2522 829 2607 apud
852 2523 955 2604 Sili),
996 2525 1041 2588 sic
1074 2526 1181 2608 potius
1212 2521 1431 2588 continuanda
1460 2529 1529 2586 arat

417 2638 513 2706 Plinii
529 2642 647 2704 oratio:
669 2645 805 2720 veipada
820 2661 914 2704 mauu
937 2650 1086 2720 aptantur
1107 2651 1161 2704 out
1175 2661 1254 2720 quoe
1272 2651 1344 2704 roto
1361 2646 1449 2718 fiant,
1472 2644 1527 2704 cd·

416 2764 560 2823 uiduitate
580 2763 693 2822 satiant
710 2763 882 2837 ficlinuram
902 2777 998 2838 opera
1021 2758 1076 2824 rel.
1121 2747 1319 2824 Vocabulum
1354 2763 1528 2824 imbricibus

418 2877 481 2941 nisi
502 2876 632 2941 omnino
655 2875 904 2962 expungendum
927 2883 992 2961 est,
1015 2883 1101 2942 recto
1124 2897 1144 2942 a
1164 2899 1215 2942 vv.
1238 2877 1290 2944 dd.
1306 2896 1380 2942 cum
1395 2876 1528 2942 vocibus

420 2999 464 3058 ad
484 3004 563 3058 tecta
584 2993 797 3078 coniungitur.
1128 3062 1130 3073 ‚

335 3093 395 3186 ia
828 3077 1132 3157 m=mffl

467 3211 505 3286 in
532 3209 635 3286 ltalia
659 3253 697 3264 -
728 3210 835 3287 Asta.

500 3340 574 3407 Non
595 3343 678 3406 Asta
699 3341 756 3406 sed
778 3347 877 3406 Hosto
905 3342 1058 3428 oppidum
1081 3338 1308 3429 appellandum
1330 3350 1417 3426 erat,
1452 3365 1527 3409 nam

420 3464 518 3526 etiam
539 3461 573 3524 in
594 3457 754 3544 Hispania
776 3459 902 3542 ,Hasts‘
938 3459 1122 3526 nominatur
1149 3461 1235 3546 apud
1257 3459 1459 3526 Henzanium
1483 3467 1528 3527 in·

421 3601 480 3646 scr.
503 3578 571 3646 Lat.
595 3578 635 3642 11.
656 3577 739 3662 p.2s'›
763 3586 795 3642 at
816 3579 963 3643 Italicum
984 3577 1063 3642 illud
1085 3585 1117 3643 et
1138 3577 1168 3642 h.
1190 3579 1211 3643 l.
1234 3579 1267 3643 in
1289 3577 1353 3643 Bd
1371 3586 1404 3644 et
1416 3577 1476 3645 111.
1489 3581 1528 3648 49

420 3703 453 3762 iu
473 3701 505 3762 A
526 3697 668 3762 omnium
681 3699 802 3782 optimo
824 3696 907 3761 aoR
928 3696 975 3761 ita
988 3697 1145 3781 scribitur,
1167 3695 1230 3762 levi
1248 3717 1356 3762 errore
1369 3700 1401 3762 in
1417 3697 1527 3763 tabula

421 3817 671 3903 Peutingeriana
694 3820 800 3898 Hosio,
822 3817 952 3880 nomine
974 3815 1095 3880 scilicet
1116 3815 1157 3880 ab
1175 3815 1269 3880 hasta
1291 3813 1397 3882 ducto.

338 3957 400 4027 782
834 3940 901 4034 161
929 3935 1137 4014 :ibidem

471 4066 558 4144 Cois
583 4066 664 4144 laus
690 4067 860 4162 maxima,
887 4065 1083 4144 Hadrianis
1109 4066 1270 4145 firmitas.

504 4199 578 4264 Nun
591 4199 673 4264 bene
696 4201 787 4281 ,iaus‘
806 4210 839 4266 et
860 4200 1014 4283 ‚firmitas‘
1036 4199 1119 4265 inter
1133 4220 1168 4265 so
1183 4205 1419 4285 comparantur,
1442 4207 1527 4264 carta

423 4317 582 4403 quaedam
603 4317 673 4380 laus
687 4313 763 4381 Cois
784 4321 870 4381 vasis
892 4318 990 4384 tribui
1000 4319 1144 4404 putanda
1156 4323 1205 4382 est
1227 4319 1407 4403 aproximo
1422 4301 1526 4398 seusu,

422 4437 479 4502 ubi
508 4435 693 4522 ,amphorae
711 4433 807 4498 duae
832 4443 964 4521 propter
992 4438 1191 4502 tenuitatem‘
1226 4433 1372 4520 Erythris
1402 4433 1525 4500 ostendi

424 4555 587 4638 dicuntur,
614 4553 800 4641 repetenda.
843 4557 955 4640 itaque
986 4556 1131 4642 repetitis
1160 4556 1327 4620 litteriolo
1355 4551 1525 4638 legandum

426 4680 491 4740 esi:
522 4681 592 4740 Cois
612 4679 682 4740 ilia
704 4679 773 4738 iaus
792 4693 842 4756 m„
863 4676 946 4750 lsi
968 4709 1009 4722 -
1031 4674 1060 4758 ξ.
1081 4676 1140 4742 171
1165 4678 1238 4760 post
1265 4685 1368 4738 eurum
1394 4678 1447 4753 pai
1473 4671 1526 4736 uli·
