3567 5559
711 574 813 641 Later
834 576 898 644 VI.
1300 577 1362 646 1⁰9

233 765 366 852 prium,
388 762 507 849 optimi
526 762 624 829 codd.
648 761 733 828 R'ld
755 761 925 849 aliquanto
948 760 1101 845 apertius
1122 755 1360 829 demontrant

235 887 406 952 Seu-ibunt
427 885 515 948 enim
545 881 733 969 Uipsaudo,
754 881 845 947 haud
867 881 969 946 dubie
991 879 1226 966 corrigendum
1248 879 1282 943 in
1305 879 1361 944 Vt.

233 1005 374 1093 psama,
399 1003 569 1089 quomodo
582 999 695 1066 111.10.
718 999 952 1083 proDetunda
972 1002 1005 1065 in
1026 1000 1123 1066 codd.
1133 999 1361 1066 scribiturlle-

238 1131 351 1201 tuma,
364 1121 522 1198 Detumo,
532 1120 692 1196 Decumo,
702 1118 862 1186 Decumo.
894 1118 1089 1203 Vipsaniam
1112 1118 1198 1184 enim
1220 1119 1361 1182 eandem

237 1239 414 1323 porticum
435 1237 514 1312 dici,
543 1256 631 1322 quae
651 1254 673 1299 a
694 1235 778 1301 Pola
798 1237 845 1302 M.
865 1236 1039 1322 Agrippae
1060 1259 1181 1304 sorore
1203 1235 1362 1304 inchoata

241 1369 281 1423 et
309 1359 355 1421 ab
383 1355 538 1443 Angusto
568 1363 709 1439 peracta
738 1355 857 1419 orbem
882 1355 1005 1440 pictum
1037 1357 1111 1421 urbi
1139 1359 1360 1442 spectandum

242 1476 461 1561 proposuerit
483 1474 545 1558 (cf.
561 1473 644 1538 Plin.
660 1472 713 1538 ΙΙΙ.
724 1473 775 1550 17,
793 1472 857 1537 Dio
872 1471 972 1542 Cass.
987 1474 1063 1545 LV.
1076 1474 1126 1560 8),
1147 1476 1211 1541 iam
1230 1475 1360 1542 Becke-

242 1616 306 1661 rus
327 1594 406 1659 Ant
419 1592 519 1659 Rom.
534 1590 634 1658 roll.
655 1612 689 1675 p.
702 1589 779 1660 397.
800 1591 1018 1678 probabiliter
1039 1595 1241 1660 coniecerat.
1284 1596 1360 1669 Qua

241 1713 482 1806 emendatione
503 1721 644 1794 recepta
666 1709 762 1774 aliter
782 1711 888 1775 verba
913 1710 1189 1798 interpungantur
1214 1725 1359 1800 oportet.

240 1833 547 1898 Demonstratnrus
569 1829 654 1894 enim
670 1827 807 1914 Plinius,
821 1849 920 1914 quarn
939 1828 1093 1895 celeriter
1110 1841 1221 1898 terrae
1242 1835 1275 1898 in
1296 1832 1360 1900 illis

239 1950 441 2036 regionibus
455 1948 624 2014 fluminum
639 1946 820 2013 affluvione
832 1968 994 2014 crescere
1010 1946 1150 2029 soleant,
1174 1949 1360 2017 Characem

241 2068 405 2156 oppidum
418 2069 506 2132 intra
521 2086 651 2153 paucos
673 2086 782 2130 annos
804 2063 903 2149 longe
922 2068 1045 2132 amari
1067 2068 1191 2132 distare
1205 2069 1360 2152 coepisse

240 2187 408 2264 narrarit,
427 2208 526 2272 quum
550 2197 649 2250 antea
670 2185 867 2250 maritimum
888 2183 1022 2251 luisset.
1045 2185 1360 2259 Quumenimantea
1447 2159 1450 2168 ¹

245 2306 347 2391 (narn
367 2304 400 2368 id
420 2316 471 2368 est
490 2305 611 2393 prius),
632 2303 788 2390 Agrippa
801 2305 834 2370 in
842 2303 927 2369 Asia
947 2325 1054 2390 nsque
1076 2305 1118 2369 ad
1139 2305 1357 2377 anccxm

243 2433 476 2490 commoratus
491 2424 814 2518 marivicinumesse
833 2423 1065 2508 comperisset,
1077 2424 1251 2492 duodecim
1262 2427 1358 2492 annis

241 2553 325 2628 post
347 2563 448 2628 quum
467 2543 546 2606 lnba
571 2540 607 2608 G.
621 2540 761 2608 Caesari
781 2543 814 2607 in
834 2541 950 2610 Asiam
973 2542 1186 2612 aDGCLlll.
1209 2543 1359 2628 proficis.

243 2661 335 2726 centi
358 2659 507 2725 Arabiae
529 2661 689 2746 sinusque
714 2661 839 2725 Persici
860 2681 954 2726 oram
976 2661 1196 2740 describeret,
1216 2661 1245 2724 L
1267 2662 1303 2724 M
1323 2685 1357 2746 p.

243 2802 265 2846 a
290 2781 392 2846 litore
417 2777 583 2857 abfuisse,
615 2801 705 2844 nunc
731 2777 826 2844 CXX
850 2780 986 2843 abesse.
1037 2779 1090 2842 Ne
1119 2792 1229 2842 autem
1256 2780 1361 2843 verba

244 2899 371 2979 „etiam
385 2897 471 2965 rel.“
492 2896 588 2961 nimis
612 2898 753 2982 abrupte
775 2897 1031 2980 interponantur
1049 2907 1085 2976 ,et
1101 2895 1259 2980 oppidum
1272 2899 1363 2982 quod

245 3019 359 3103 aliquo
387 3024 481 3080 certe
499 3015 579 3080 licet
607 3016 806 3080 brevissimo
834 3011 1009 3078 intervallo
1037 3033 1058 3077 a
1086 3011 1183 3078 litore
1209 3016 1362 3098 separari

247 3136 399 3213 traditur,
420 3143 479 3197 aut
490 3132 661 3217 superflua
682 3144 740 3199 ant
756 3133 904 3197 discordi
921 3131 1112 3196 narratione
1127 3132 1160 3197 in
1180 3133 1256 3216 ipso
1267 3132 1362 3200 litore

249 3252 395 3338 positum
417 3271 497 3316 esse
517 3251 688 3337 videatur,
717 3253 764 3317 ita
785 3252 1053 3337 interpungenda
1074 3262 1152 3316 sunt
1173 3253 1277 3319 verba
1300 3252 1363 3318 Pli.

246 3374 310 3452 nii,
340 3381 378 3437 ut
396 3370 523 3435 initium
546 3372 705 3435 enuntiati
726 3371 761 3436 id
783 3380 916 3456 tempus
939 3380 1093 3456 spectet,
1114 3393 1180 3456 quo
1201 3372 1284 3438 luba
1304 3393 1362 3438 au·

248 3501 343 3558 ctore
367 3489 509 3553 Pasines
531 3489 690 3573 oppidum
710 3492 865 3557 restituit.
914 3491 1028 3556 lubam
1050 3492 1136 3564 enim
1160 3493 1192 3557 in
1213 3494 1254 3558 iis
1275 3511 1363 3576 quae

246 3609 348 3694 modo
373 3609 668 3686 commemorabat,
686 3629 726 3674 se
746 3611 844 3697 sequi
865 3609 991 3676 Plinius
1010 3611 1084 3696 ipse
1105 3619 1256 3676 testatur.
1284 3608 1363 3682 Qui-

247 3729 311 3793 bus
332 3725 467 3790 additur
487 3723 576 3791 aliod
598 3739 846 3810 argumentum:
870 3729 970 3793 etiam
991 3729 1025 3792 in
1048 3729 1179 3813 porticu
1187 3726 1362 3812 Agrippae

249 3845 448 3911 maritimam
470 3845 588 3908 urbem
611 3844 772 3912 exhiberi.
825 3846 1045 3912 Scribendum
1070 3857 1122 3910 est
1142 3845 1257 3926 igitur:

293 3962 394 4025 Prius
413 3956 479 4047 {isit
499 3984 520 4022 o
539 3961 635 4026 litore
648 3963 763 4028 *studio
786 3964 824 4027 X
840 3962 1057 4047 (sc.Paainis
1077 3961 1206 4044 aetate)
1228 3993 1272 4006 -
1293 3980 1363 4022 rao·

293 4078 438 4143 ritbnum
460 4081 581 4146 etiam
609 4081 807 4170 Vipsania
826 4083 970 4169 porticus
991 4079 1088 4146 babet
1111 4115 1151 4128 -υ
1179 4076 1268 4143 Iuba
1286 4101 1363 4148 vero

288 4197 452 4284 prodente
471 4199 533 4265 rel.

332 4317 524 4384 Genitivum
537 4319 660 4384 deinde
671 4319 774 4383 mama
789 4319 981 4404 scripturae
1001 4317 1132 4401 vulgari
1150 4320 1251 4408 mopia
1263 4337 1366 4402 quam

248 4457 267 4502 e
289 4437 468 4503 codicibus
495 4452 532 4502 ut
556 4439 690 4505 videtur
714 4437 923 4522 interpolatis
950 4438 1075 4504 vetusti
1103 4439 1249 4506 editores
1268 4455 1362 4502 rece·

248 4568 388 4641 perant,
416 4576 461 4622 ex
491 4557 625 4643 optimis
650 4557 744 4624 libris
769 4567 863 4624 recte
889 4555 1046 4642 praetulit
1067 4553 1228 4638 Silligius.
1272 4550 1362 4614 Idem
