3567 5559
691 570 792 638 hilca
812 572 901 645 VH.
1290 575 1354 645 lau

276 755 320 832 iu
348 753 495 849 subito,
529 756 637 832 larda
671 769 710 846 et
735 773 921 861 nmquam
953 760 991 838 in
1019 764 1235 864 exsequias,
1268 789 1352 842 curn

277 891 485 968 resistendi
536 905 888 992 sacroquesanctum
934 897 1140 998 repellendi
1179 898 1239 975 ius
1280 924 1353 976 nou

279 1038 402 1125 esset,
428 1029 575 1106 virtutis
606 1056 697 1106 suae
724 1057 840 1133 opera
867 1043 906 1108 et
940 1059 1121 1110 censurae
1147 1034 1351 1136 periturus,

278 1191 398 1266 aegre
429 1165 577 1240 tribuno
612 1165 674 1264 qui
704 1167 958 1244 intercederet
986 1180 1138 1271 reperto
1172 1195 1195 1245 a
1226 1170 1352 1250 limina

277 1304 369 1404 ipso
397 1301 525 1378 mortis
552 1315 771 1396 revocatus3
796 1305 916 1381 alieno
940 1305 1123 1383 beneficio
1145 1315 1277 1408 postea
1298 1303 1351 1382 vi-

284 1438 461 1516 xitboois
477 1438 564 1513 inde
584 1437 695 1513 etiam
724 1441 951 1516 consecratis
980 1467 1002 1516 a
1026 1443 1239 1518 damnato
1268 1467 1350 1536 suo,

285 1587 475 1687 tamquam
503 1598 632 1672 parum
666 1587 768 1649 esset
791 1575 953 1664 faucium
983 1589 1085 1654 rasle
1115 1578 1349 1675 intactarum,

280 1709 459 1810 expressi
474 1735 544 1810 per
556 1735 667 1786 aures
683 1713 870 1812 sanguinis
881 1739 1047 1814 poenam
1064 1729 1238 1793 exactam
1250 1742 1347 1792 esse.

314 1847 367 1911 lta
389 1845 500 1911 locum
519 1846 711 1932 impeditum
735 1860 768 1913 et
789 1849 862 1914 sine
885 1851 984 1915 dubio
997 1862 1188 1935 corruptum
1201 1849 1350 1915 exhibuit

221 1967 384 2052 Silligius
412 1966 532 2050 partim
559 1986 579 2031 a
606 1968 780 2035 veteribus
806 1969 972 2053 exemplis
1004 1971 1125 2053 purtim
1155 1989 1176 2033 e
1202 1968 1349 2034 virorum

224 2088 412 2152 doctorum
432 2085 624 2151 coniectura
645 2086 861 2165 immutatum,
885 2097 919 2150 et
941 2098 1103 2170 corrupta
1123 2085 1255 2172 quidem
1270 2104 1350 2150 esse

225 2208 345 2271 verbe
373 2178 571 2269 ademauro
595 2226 656 2269 suo
679 2217 772 2270 recte
800 2206 978 2284 iudicavit,
1011 2205 1130 2292 quibus
1158 2203 1349 2270 lietduinus

227 2336 356 2390 contra
369 2323 502 2408 linguae
517 2323 613 2408 leges
634 2322 822 2407 „hominem
837 2323 966 2408 abipso
979 2323 1194 2387 damnatum“
1210 2322 1348 2389 iudicari

226 2441 398 2525 voluerat,
420 2454 547 2506 rectam
569 2461 653 2505 vero
674 2440 872 2506 emendandi
893 2442 981 2506 viam
1003 2463 1069 2506 non
1094 2451 1145 2506 est
1160 2442 1348 2528 ingressus.

226 2563 316 2626 Nam
339 2560 488 2627 ultimum
511 2561 714 2625 enuntiatum
736 2561 767 2625 in
791 2542 924 2647 optimis
947 2563 1121 2626 codicibus
1142 2561 1254 2628 eRTd
1275 2561 1348 2627 lere

226 2681 277 2744 ita
303 2679 465 2763 scriptum
484 2673 621 2763 legitur:
646 2679 818 2766 scrupulosis
834 2701 942 2765 poena
963 2689 1082 2742 excolu
1103 2687 1151 2743 eal
1177 2675 1253 2761 (Rd
1271 2699 1348 2763 poc·

226 2818 297 2858 uae
318 2804 441 2858 exacta
462 2804 562 2879 essct,
588 2793 616 2860 'l'
635 2819 742 2884 poema
762 2785 881 2861 caucia
901 2799 1007 2879 esset)
1034 2818 1138 2862 sensu
1165 2795 1349 2880 aptissimo,

227 2925 266 2977 ut
295 2923 393 2976 recte
422 2923 538 2996 spreta
565 2923 682 2976 vetere
712 2889 857 2978 lectione
888 2915 1064 2997 recepisse
1088 2913 1241 2978 videatur
1262 2909 1351 2979 llar-

228 3031 366 3095 duinus.
411 3029 498 3104 Quid
525 3031 611 3094 euim
640 3032 778 3119 gravius
806 3031 872 3096 dici
900 3032 1005 3116 potuit
1031 3044 1089 3098 aut
1109 3029 1351 3120 significantius

229 3171 337 3235 quam
357 3162 423 3214 tam
446 3147 614 3214 infelicem
641 3147 747 3235 fuisse
773 3149 952 3231 Metellum,
979 3163 1015 3218 ut
1042 3175 1109 3218 non
1137 3152 1289 3217 iniuriam
1317 3152 1350 3218 in

232 3269 435 3333 adversario
464 3265 700 3347 ulcisceretur,
730 3260 801 3332 sed
819 3267 893 3353 ipse
916 3269 1055 3336 iniuriae
1079 3280 1243 3356 acceptae
1266 3263 1351 3356 poe·

233 3411 313 3456 nam
333 3387 443 3454 lueret
463 3387 561 3453 bouis
583 3387 814 3470 consecratis,
844 3401 1009 3482 tamquam
1032 3410 1149 3476 parum
1171 3400 1264 3456 essct
1282 3388 1351 3456 illa·

233 3521 302 3573 tum
331 3506 507 3572 damnum?
558 3505 656 3582 Quod
681 3527 748 3570 una
776 3504 908 3593 syllaba
936 3507 1044 3572 eiecta
1065 3527 1188 3574 revera
1211 3505 1351 3574 Plinium

235 3629 364 3693 dixisse
384 3626 569 3712 apparebit.
598 3625 818 3692 Scribendum
842 3625 928 3691 enim
949 3647 1075 3692 censeo
1098 3627 1130 3691 in
1148 3627 1307 3711 proximis
1330 3649 1352 3690 ιι

234 3745 359 3809 duanae
370 3766 428 3807 suo
442 3746 497 3809 ie.
511 3756 587 3828 post
599 3743 748 3807 iniuriam
764 3743 921 3806 membris
936 3741 1040 3807 laesis
1054 3755 1242 3826 acceptam,
1253 3765 1352 3828 quam

234 3866 346 3951 elego
355 3863 490 3949 Aquilia
512 3876 577 3928 tum
599 3863 760 3949 temporis
779 3863 852 3928 sine
876 3861 975 3924 dubio
996 3860 1352 3943 iamvigenteactiona

235 3996 332 4049 certe
356 3983 390 4046 in
413 4003 484 4046 rem
509 3977 578 4045 utili
606 3979 767 4044 vindicari
795 3977 946 4062 potuisse
968 3975 1131 4060 Ulpianus
1160 3988 1353 4042 auctorest

235 4099 318 4166 [13.
325 4099 477 4185 paean
489 4097 736 4186 leg.Aquil.lX.
743 4095 772 4163 2.
790 4093 1045 4181 Praepositione
1058 4097 1142 4162 euim
1156 4071 1353 4165 uintardum

234 4222 339 4288 utitur
353 4218 480 4284 Plinius
492 4237 534 4283 ea
543 4218 588 4302 vi,
601 4237 668 4304 qua
678 4217 781 4306 vulgo
791 4225 863 4304 posl
873 4227 1067 4301 usurpatur,
1078 4215 1310 4283 ccxxvrno.
1320 4229 1354 4282 et

235 4340 415 4410 indllard.
435 4335 740 4404 ll.l.lortassccum
753 4333 1189 4422 v.iudcestconiungeodu.
1211 4335 1354 4422 Reliqua

238 4462 336 4526 aliter
348 4467 447 4524 erunt
458 4453 732 4539 iuter-pungenda.
744 4451 867 4518 Tribus
879 4450 965 4518 enim
976 4451 1250 4521 malisMetellum
1262 4453 1354 4519 labo·

237 4597 336 4645 rasse
353 4583 478 4642 conara
486 4570 561 4638 Val
570 4570 661 4637 Max.
669 4569 743 4640 Vll.
757 4571 786 4636 l.
796 4569 824 4640 l.
839 4569 1015 4658 disputans
1032 4573 1198 4650 narrauit,
1215 4569 1355 4656 primum

1117 4688 1140 4752 9
