3567 5559
705 522 807 588 Later
827 525 891 591 Vr.
1310 525 1354 592 aa

288 710 416 812 polis
447 712 494 785 ab
519 710 735 786 Alexandro
764 709 930 808 condita,
957 708 1056 786 unde
1083 723 1262 812 ceperunt
1286 738 1351 790 ex·

287 848 451 943 ordinm,
475 847 582 923 iuxta
598 845 697 947 quod
715 847 854 922 flumen
870 856 934 922 aut
952 846 1016 922 ubi
1030 846 1144 922 fuerit
1166 872 1238 924 non
1263 849 1351 924 satie

288 987 526 1086 explanatur.

329 1132 428 1206 Quae
452 1127 584 1194 dehoc
607 1126 686 1193 loco
707 1125 922 1193 aDodwello
946 1139 979 1193 et
992 1125 1157 1196 Vincente
1182 1132 1353 1218 disputate

233 1261 331 1327 sunt,
353 1248 530 1334 diligenter
549 1247 706 1332 exposuit
720 1247 875 1328 Geierns,
886 1247 985 1314 Alex.
1002 1248 1120 1336 Magni
1130 1249 1207 1314 hist.
1221 1251 1351 1336 scriptt.

235 1391 276 1452 p.
291 1366 347 1431 78.
375 1366 484 1452 Atque
503 1365 584 1430 illud
609 1365 739 1451 quidem
757 1367 822 1430 iam
839 1367 925 1431 inter
939 1389 1056 1433 omnes
1072 1370 1241 1450 convenit,
1265 1390 1351 1454 qnae

238 1483 405 1549 Arrianus
422 1486 463 1549 de
475 1481 626 1548 Nearchi
644 1463 856 1570 expeditione
882 1487 1042 1567 narravit,
1066 1508 1140 1553 cum
1156 1487 1252 1552 Plinii
1275 1509 1349 1554 ver-

238 1603 305 1683 bis,
331 1603 407 1667 dum
432 1602 533 1667 modo
556 1611 649 1667 recte
670 1603 913 1687 scribantur*),
935 1603 1105 1690 aliquanto
1129 1605 1246 1672 melius
1270 1628 1350 1673 con-

238 1720 344 1787 ciliari
363 1741 469 1806 quam
490 1718 687 1786 Dodwellus
711 1723 976 1788 existimaverat:
1004 1743 1090 1808 quae
1118 1736 1229 1791 autem
1250 1725 1352 1790 relin-

238 1851 384 1925 quantur
401 1839 661 1925 discrepantiae,
672 1861 712 1905 eo
727 1841 929 1925 praesertim
944 1842 1100 1908 excusari
1113 1843 1202 1926 qnod
1215 1853 1352 1926 praeter

236 1958 431 2023 Nearchum
448 1958 672 2024 Onesicritum
686 1970 824 2025 secutus
841 1971 895 2025 est
907 1959 1052 2035 Plinius3
1070 1979 1214 2044 namque
1229 1970 1353 2022 utrum-

238 2077 355 2162 quein
369 2076 554 2178 Auctornm
575 2075 717 2142 elencho
730 2077 787 2144 lib.
799 2079 824 2143 1.
840 2077 1031 2142 enumerari
1053 2075 1215 2143 videmus.
1242 2075 1352 2141 Unum

239 2194 422 2259 discrimen
444 2194 546 2278 idque
573 2196 806 2282 gravissimum
831 2196 1010 2284 ingeniosa
1036 2195 1231 2259 coniectura
1252 2193 1352 2260 Geie·

238 2333 303 2376 rus
324 2310 438 2376 tollere
460 2323 602 2377 conatus
625 2317 751 2400 estqui
774 2324 851 2378 ante
873 2335 902 2378 v.
921 2313 1056 2377 nomino
1078 2312 1248 2378 excidisse
1270 2335 1349 2378 corr-

239 2431 320 2496 iecit
340 2431 466 2511 omnia,
498 2451 674 2496 assensum
696 2443 817 2499 nactus
839 2430 1090 2497 Westermanni
1117 2432 1149 2495 in
1173 2431 1265 2497 Pauli
1287 2431 1351 2496 En-

241 2548 378 2638 cyclop.
391 2548 460 2615 vol.
471 2546 516 2610 V.
531 2574 564 2635 p.
573 2547 647 2614 490.
663 2559 696 2614 et
708 2547 785 2616 Car.
799 2549 945 2631 Malleri,
960 2550 1096 2636 Scriptt.
1111 2570 1178 2613 rer.
1189 2549 1288 2614 Alex.
1301 2551 1350 2614 M.

237 2667 345 2754 p.56‚
369 2665 462 2730 haud
488 2667 561 2731 scio
589 2688 631 2731 an
653 2676 758 2732 recte.
818 2667 917 2741 Quod
943 2689 1027 2733 vero
1054 2690 1122 2733 non
1148 2668 1245 2752 ipsos
1271 2665 1352 2732 Ale-

238 2787 361 2851 xandri
377 2785 531 2851 comitum
545 2787 803 2853 commentarios
826 2787 967 2854 aPlinio
990 2794 1174 2870 excerptos
1189 2805 1269 2850 esse
1291 2786 1354 2849 sed

237 2906 342 2970 lubae
368 2903 486 2968 librum
513 2904 567 2989 qui
592 2904 773 2970 Onesicriti
796 2915 831 2968 et
857 2902 1006 2994 Nearchi
1030 2900 1201 2968 volumina
1228 2902 1354 2989 compi·

237 3023 371 3102 laverit,
397 3020 473 3085 VV.
495 3022 569 3086 DD.
597 3021 747 3088 arbitrati
773 3032 851 3086 sunt
876 3019 1030 3106 plerique
1058 3041 1196 3120 omnes,
1224 3019 1354 3084 dicendi

241 3142 468 3228 generisque
490 3137 562 3204 fere
585 3140 686 3205 utitur
706 3139 833 3205 Plinius
859 3139 1034 3221 rationem,
1057 3152 1093 3204 ut
1116 3138 1260 3219 videtur,
1285 3159 1354 3204 nou

309 3418 341 3486 ⁸)
377 3417 422 3468 lta
439 3434 489 3486 pro
514 3418 549 3470 At
567 3417 613 3470 to
630 3417 677 3470 vol
694 3417 775 3470 Altos
792 3417 924 3486 oppidum
944 3417 1025 3472 lrdla
1046 3436 1061 3472 e
1081 3420 1225 3474 Marciano
1242 3420 1353 3474 lleracl.

242 3521 267 3571 p.
279 3506 324 3556 24.
349 3511 379 3554 et
403 3501 566 3554 Ptolemaeo
585 3503 629 3554 l’l.
647 3505 691 3557 21.
710 3505 737 3554 5.
761 3501 886 3556 restituit
910 3503 1066 3557 Salmasius
1090 3507 1137 3574 qui
1162 3510 1271 3575 pitto
1295 3521 1355 3572 aqq.

241 3588 383 3641 uherrim
401 3589 435 3638 de
451 3587 497 3638 hir
517 3588 680 3658 regionibns
697 3587 860 3656 disputavit.
897 3589 972 3642 ldem
989 3593 1098 3654 flumen
1118 3593 1245 3645 Nadrum
1263 3591 1291 3643 in
1309 3591 1355 3642 lr-

241 3675 298 3727 llm
316 3674 479 3726 mutandum
498 3690 562 3726 enac
580 3672 664 3738 vidit,
689 3674 762 3741 quod
783 3691 801 3728 a
818 3674 953 3728 Strabone
971 3677 1028 3726 xV.
1048 3695 1074 3744 p.
1088 3679 1148 3728 720.
1167 3682 1196 3728 et
1213 3675 1355 3743 Stephano

243 3761 340 3811 eodem
360 3759 480 3821 nomine,
500 3759 535 3809 ah
545 3757 847 3813 arrianolnuat-aa.
867 3759 959 3810 minua
979 3765 1052 3810 recte
1070 3761 1169 3812 Arabis
1187 3761 1354 3826 appellatur,

243 3844 453 3913 chwmeling.
471 3843 505 3895 ad
521 3842 601 3896 Diod.
620 3845 704 3895 xvll.
718 3847 783 3907 1⁰4,
802 3844 918 3896 Lassen.
933 3842 1023 3911 Antiq.
1036 3843 1094 3894 lnd.
1106 3845 1142 3893 ll.
1160 3862 1186 3911 p.
1198 3845 1256 3892 190.
1278 3841 1356 3908 Quae

244 3929 403 3982 coniectura
421 3927 540 3980 lectione
558 3929 638 3983 codd.
655 3930 698 3981 Rd
717 3929 897 3982 confirmator
915 3926 961 3995 qui
984 3927 1115 3979 exhibent
1131 3926 1258 3990 Nabum,
1277 3925 1322 3978 cui
1340 3943 1356 3980 e

243 4014 302 4066 fine
320 4013 437 4080 proximi
455 4015 587 4066 vocabuli
602 4027 622 4067 n
640 4015 816 4068 adhaeserat.
845 4013 901 4064 Pro
918 4012 1108 4066 Attolladrua
1126 4012 1300 4066 acrihendum
1313 4021 1357 4068 eat

244 4114 309 4150 corn
323 4098 418 4150 eodem
433 4099 574 4151 Salmeaio
592 4107 621 4152 et
637 4101 767 4153 vincente
787 4097 909 4155 Aradus.
934 4099 1027 4166 §.lota
1047 4105 1121 4152 recte
1134 4098 1288 4153 Salmasius
1305 4113 1357 4156 no·

242 4186 386 4237 maan
407 4183 465 4254 legi
483 4185 583 4239 voluit.
620 4186 685 4240 alta
702 4191 846 4253 praeterea
868 4185 981 4238 nomina
1000 4185 1117 4238 Vincena
1135 4187 1207 4255 apud
1227 4187 1356 4240 Schmie·

243 4269 339 4322 dmm
357 4269 393 4322 ad
413 4269 520 4322 Arrian.
539 4271 705 4339 leoperto.
726 4270 855 4324 correxit.
891 4270 961 4323 Nam
979 4269 1051 4322 libro
1071 4287 1125 4340 quo
1145 4271 1265 4324 Nearchi
1283 4271 1357 4339 peri·

244 4355 319 4423 plnrn
333 4354 622 4408 doctissimel'iueena
632 4355 794 4417 illustravit,
808 4355 848 4408 nti
861 4355 932 4408 milri
947 4373 999 4408 non
1013 4356 1103 4418 licuit,
1121 4363 1250 4424 excerpta
1261 4365 1355 4410 autern

245 4458 259 4494 e
274 4443 387 4511 periplo
409 4441 495 4494 maria
515 4442 593 4494 rohri
609 4442 638 4496 ia
657 4441 789 4495 Bredovii
807 4443 935 4509 Quaentt.
954 4459 1051 4514 geogr.
1070 4444 1126 4497 vol.
1135 4443 1170 4494 ll.
1187 4459 1215 4510 p.
1226 4444 1278 4494 tlt
1296 4456 1355 4506 aqq.

243 4525 314 4580 nihil
327 4526 391 4581 fere
406 4526 442 4578 de
452 4525 572 4581 Nearchi
589 4525 769 4597 navigatione
790 4527 939 4584 contlnent.
