3567 5559
709 529 811 595 Liber
832 530 895 595 Vr.
1316 533 1358 598 97

235 722 291 792 62.
315 720 373 806 qui
398 727 477 804 post
497 737 619 781 armum
638 714 689 780 66.
710 736 731 778 a
752 716 889 781 Nerone
910 713 1109 780 interfectus
1131 725 1200 794 est,
1232 715 1278 786 ei.
1291 716 1357 784 Dio

236 839 338 905 Cass.
365 836 457 921 apud
484 833 802 920 xiphtt.1.xlr.25,
837 833 901 898 sed
937 834 979 898 de
1011 831 1154 916 Augusti
1192 838 1356 918 supremis

233 959 326 1024 idem
357 953 560 1021 vocabulum
586 962 728 1036 usurpat
754 952 826 1016 Vll.
851 950 905 1016 33.
958 951 1086 1016 Verum
1113 950 1250 1018 alteram
1282 953 1315 1018 lr.
1337 952 1357 1019 l.

235 1079 357 1142 inesse
386 1093 475 1160 quae
507 1073 680 1138 subiicitur
710 1070 860 1134 narratio
895 1070 1054 1142 ostendit.
1097 1070 1250 1156 Namque
1281 1081 1358 1156 post

236 1197 347 1261 verba
379 1193 472 1272 „Sic
492 1189 677 1255 Alexandri
705 1187 827 1255 classis
852 1190 1023 1274 navigavit
1031 1195 1053 1230 ‘⁶
1079 1211 1147 1256 non
1168 1190 1278 1255 statim
1301 1211 1359 1254 se·

236 1315 356 1400 quitur
378 1333 419 1377 ea
439 1310 621 1394 navigatio,
645 1328 744 1396 quam
768 1307 851 1387 „his
872 1310 969 1374 annis
994 1312 1231 1394 compertam“
1254 1311 1358 1374 nomi·

237 1441 389 1496 neverat
398 1426 522 1492 Plinius
540 1439 574 1492 ct
593 1448 692 1513 quam
706 1448 727 1492 e
741 1426 870 1512 periplo
886 1431 989 1494 maris
1003 1428 1181 1514 Erythraei
1201 1429 1358 1496 haustam

241 1569 328 1616 csse
344 1546 532 1612 luculenter
543 1545 834 1613 Schwanbeckius
845 1548 929 1614 Nov.
940 1548 1028 1614 Mus.
1038 1548 1192 1614 Rhenan.
1203 1549 1271 1614 vol.
1283 1549 1356 1616 Vll.

236 1692 271 1754 p.
287 1667 354 1732 364
371 1689 448 1752 sqq.
474 1666 634 1745 ostendit,
656 1668 749 1732 circa
769 1688 889 1732 annum
913 1690 944 1751 p.
967 1666 1048 1735 Ghr.
1071 1689 1103 1734 n.
1124 1667 1176 1732 75.
1208 1667 1356 1734 fortasse

238 1786 383 1870 scripto,
404 1794 442 1848 ut
463 1785 632 1870 Georgius
646 1786 847 1870 Eumenius,
868 1787 1089 1853 suavissimus
1111 1785 1189 1850 olim
1212 1788 1356 1872 discipu·

237 1902 292 1969 lus
324 1923 439 1979 meus,
465 1903 499 1966 in
530 1903 630 1969 docta
657 1923 755 1990 quam
783 1904 828 1968 de
849 1905 980 1970 Azania
1002 1903 1140 1968 Bonnae
1169 1923 1256 1970 anno
1278 1927 1356 1990 pro·

236 2024 333 2088 ximo
358 2021 463 2086 edidit
491 2024 769 2089 commentatione
793 2047 825 2109 p.
837 2024 871 2092 7.
900 2044 968 2088 non
997 2020 1258 2106 improbabiliter
1278 2043 1357 2088 con·

235 2143 335 2206 iecit
377 2140 472 2215 Quae
500 2141 600 2227 igitur
631 2145 719 2208 inter
747 2130 923 2226 utrumque
953 2159 1088 2205 cursum
1116 2139 1227 2204 media
1254 2139 1356 2206 inter-

239 2261 415 2326 iieiunture

217 2446 247 2462 ·“
292 2433 435 2508 Postea
467 2432 512 2505 ab
547 2432 693 2531 Syagro
727 2429 887 2506 Arabiae
921 2429 1174 2530 promontorio
1199 2431 1355 2508 Patalen

289 2566 440 2645 favonio
474 2592 584 2666 quem
610 2566 812 2666 Hippalum
846 2567 898 2642 ibi
922 2577 1056 2644 vocant
1089 2566 1166 2668 peti
1194 2570 1356 2645 certissi-

290 2731 396 2780 mum
418 2702 613 2780 ridebatur
637 2690 769 2779 Xlll-l.
794 2702 943 2779 XXXV
961 2705 1003 2778 M
1019 2730 1055 2803 p.
1090 2702 1355 2781 aestimatione.

291 2843 437 2920 Secuta
461 2848 564 2915 aetas
590 2839 802 2941 propiorem
819 2861 970 2913 cursum
990 2835 1238 2936 tutioremque
1265 2839 1358 2916 iudi·

291 2977 406 3073 cavit,
433 2976 466 3052 si
491 2978 536 3051 ab
562 2975 694 3051 eodem
720 2970 976 3074 promontorio
1004 2970 1176 3070 Sigerum
1210 2984 1359 3074 portum

293 3115 427 3190 Indiae
453 3124 611 3213 peteret.
663 3112 817 3209 Diuque
842 3107 894 3182 ita
922 3104 1128 3208 navigatum
1157 3120 1215 3184 est
1240 3110 1359 3188 donec

296 3249 516 3350 compendia
548 3246 687 3325 invenit
728 3255 914 3320 mercator
945 3244 1125 3343 lucroque
1157 3245 1264 3322 India
1297 3249 1359 3325 ad-

292 3399 396 3464 mota
423 3398 494 3461 cst.

240 3577 359 3641 aluba
373 3571 501 3637 Plinius
520 3568 697 3654 accepisse
718 3568 966 3660 praeducem,
990 3570 1044 3654 qui
1068 3581 1101 3634 et
1123 3589 1198 3636 eum
1214 3589 1361 3653 cursum,

240 3716 309 3781 quo
332 3715 356 3758 a
379 3692 516 3776 Syagro
543 3687 771 3773 promontorio
792 3686 933 3753 Patalen
958 3689 1117 3771 petebant
1146 3700 1180 3753 et
1208 3711 1274 3775 quo
1298 3713 1362 3776 po·

241 3825 320 3880 stou
340 3813 387 3875 ad
410 3821 542 3894 portum
564 3807 718 3890 Sigerum
745 3804 940 3889 ceteroquin
972 3805 1136 3889 ignotum,
1163 3804 1263 3869 hodie
1290 3805 1362 3872 lor-

243 3945 342 3996 tasse
363 3925 616 4011 Siddi·Zyglrur
637 3925 841 4010 appellatum
863 3917 1362 4005 (cf.Lassen.Antiq.lnd.vol.

245 4046 419 4133 rapoto),
428 4045 635 4128 navigabant
643 4054 862 4117 mercatores,
874 4039 1006 4106 videtur
1017 4038 1253 4122 descripsisse.
1266 4040 1363 4117 Quae

243 4178 358 4233 autem
387 4165 505 4230 ultimo
531 4182 637 4227 sensu
663 4161 830 4225 adduntur
853 4157 973 4243 procul
998 4157 1099 4222 dubio
1122 4156 1165 4219 ud
1187 4156 1364 4246 Hippalum

243 4287 427 4372 pertinent,
446 4282 502 4370 qui
521 4283 556 4346 io
570 4278 699 4365 periplo
716 4277 811 4362 pte.
822 4275 1032 4362 κυβερνήτης,
1053 4275 1109 4340 lric
1121 4291 1289 4344 mercator
1303 4299 1364 4365 ap-

244 4405 405 4490 pellatur.
450 4401 537 4465 lline
555 4400 745 4466 sententiae
766 4396 941 4462 vincentis
966 4413 987 4460 a
1009 4393 1083 4460 VV.
1097 4395 1171 4460 DD.
1194 4395 1295 4482 vulgo
1316 4417 1366 4460 re.

245 4535 385 4608 ceptae,
399 4539 468 4606 qua
485 4519 625 4586 Claudio
647 4527 810 4602 regnante
830 4515 959 4580 vixisse
979 4513 1184 4597 perhibetur,
1208 4511 1367 4574 disertum

1136 4628 1157 4684 7
