3567 5559
722 574 822 640 Liber
839 576 920 643 111.
1340 576 1384 643 37

696 762 795 839 25=
809 763 960 841 ibidem.
1306 802 1310 809 ·
1398 784 1441 849 51

311 916 607 993 castulonenses
633 912 696 1014 qui
721 914 882 990 Caesari
908 916 1070 992 Venales
1096 919 1338 1016 appellantur.

348 1086 452 1149 lmmo
476 1104 543 1149 non
565 1091 643 1147 sunt
664 1081 720 1167 qni
740 1081 928 1150 aGaesare
950 1085 1014 1149 emi
1030 1096 1187 1169 possunt,
1216 1057 1303 1173 quoe
1324 1089 1381 1154 da·

260 1205 322 1269 tivi
345 1224 448 1269 casus
469 1202 522 1266 vis
544 1210 652 1284 esset,
680 1201 742 1267 sed
763 1223 904 1287 quorum
923 1222 1006 1289 ager
1025 1222 1046 1267 a
1071 1201 1225 1270 Caesare
1248 1217 1380 1293 emptus

261 1334 331 1390 est.
377 1320 598 1388 Scribendum
626 1332 680 1389 est
707 1317 825 1405 igitur:
855 1317 1019 1385 Caesaris
1044 1322 1191 1407 venales,
1221 1326 1379 1409 quemod-

266 1440 402 1507 raodum
425 1438 514 1504 infra
534 1441 565 1524 p.
579 1437 652 1503 134.
676 1436 881 1523 Triumpilini
902 1438 1033 1506 venalis
1056 1461 1130 1507 cum
1157 1462 1241 1528 agro
1270 1465 1379 1529 popu-

266 1557 320 1623 lus
339 1558 562 1645 appellantur.
614 1557 743 1623 Locum
764 1557 828 1622 iam
851 1556 960 1623 attulit
980 1558 1180 1630 Hardninus.

728 1742 862 1820 30:23
889 1744 925 1820 4.
1395 1766 1440 1832 52

313 1882 528 1961 Universae
549 1880 757 1985 Hispaniae
788 1805 1041 1983 Vespasianus
1071 1884 1272 1983 imperator
1302 1887 1379 1961 Au-

312 2032 447 2120 gustus
460 2020 637 2095 iactatus
650 2017 824 2120 procellis
832 2017 890 2091 rei
899 2018 1069 2118 publicae
1078 2018 1377 2135 Latiumribuit.

352 2188 419 2253 Vix
445 2188 596 2255 modeste
620 2208 662 2253 ac
690 2189 851 2254 decenter
881 2188 1115 2272 imperatorem
1144 2187 1303 2276 procellis
1329 2190 1378 2257 rei

266 2302 420 2390 publicae
441 2306 598 2373 iactatum
619 2307 771 2383 dicturus
791 2306 913 2372 fuisset
933 2307 1073 2373 Plinius:
1094 2312 1146 2375 ius
1168 2310 1276 2395 ipsum
1291 2308 1378 2374 Latii

263 2426 367 2489 variis
387 2426 518 2510 imperii
539 2426 675 2492 casibus
695 2427 751 2493 vel
765 2428 799 2491 in
813 2426 1009 2514 Hispaniam
1032 2428 1176 2494 delatum
1193 2448 1273 2493 esse
1294 2446 1377 2493 vere

262 2555 297 2609 et
322 2544 500 2628 eleganter
531 2545 675 2611 tradidit.
725 2546 838 2633 Atque
864 2546 931 2612 hoc
956 2548 1064 2633 ipsum
1095 2547 1253 2612 exhibent
1274 2544 1377 2611 ATd.

259 2664 378 2747 ltaque
389 2660 479 2729 haud
490 2661 588 2729 dubie
597 2662 774 2749 legendum
788 2677 841 2732 est
858 2665 1038 2731 iactatum.
1062 2666 1210 2730 Eundem
1224 2664 1376 2730 codicem

261 2782 292 2848 Α
318 2782 543 2847 certissimum
568 2784 712 2848 omniurn
740 2783 860 2849 ducem
890 2785 990 2849 etiam
1018 2783 1048 2867 §.
1065 2782 1117 2845 31.
1147 2784 1181 2845 in
1210 2784 1378 2866 scriptura

261 2911 363 2964 anteo
385 2911 418 2965 et
437 2900 525 2963 Iuro
546 2900 641 2985 sequi
663 2922 726 2985 par
748 2914 831 2966 erat
881 2901 983 2975 Quod
1004 2900 1090 2963 enim
1114 2917 1133 2961 e
1155 2896 1253 2965 codd.
1275 2896 1379 2961 Rra

262 2997 552 3103 recepitSilligius
572 3017 721 3102 Iuribus,
743 3029 850 3084 ortum
873 3028 927 3083 est
949 3036 1063 3080 errore
1078 3014 1300 3099 librariorum,
1321 3017 1379 3100 qui

265 3138 360 3201 sicut
382 3156 534 3220 agrorum
558 3136 658 3217 cultu,
682 3134 898 3225 amplitudine
924 3156 1035 3219 opum,
1058 3134 1103 3197 ita
1129 3134 1227 3198 etiam
1249 3135 1377 3201 iuribus

263 3257 520 3321 Narbonensem
536 3256 741 3339 provinciam
763 3256 909 3320 eminere
921 3252 1176 3320 arbitrabantur.
1205 3254 1252 3319 At
1271 3275 1376 3340 snpra

259 3377 315 3442 vel
338 3387 461 3441 contra
482 3373 661 3462 plerosque
682 3375 788 3440 libros
806 3372 891 3440 Mss.
906 3374 1120 3439 scribendum
1141 3384 1214 3439 erat
1229 3374 1376 3461 Alpium.

258 3519 323 3591 pue
340 3492 569 3559 solrcbenimis
589 3494 672 3584 iupis
689 3492 833 3577 expulsa
854 3490 1072 3577 frigidissima
1094 3514 1182 3558 voce
1203 3492 1265 3577 orl,
1287 3510 1375 3578 quaa

259 3635 302 3680 ex
323 3613 450 3679 ultimis
472 3613 615 3696 proximi
636 3610 789 3676 vocabuli
810 3609 928 3676 litteris
949 3610 1011 3675 VE
1035 3612 1179 3697 repetita
1204 3624 1266 3677 est.
1309 3608 1375 3673 Ea·

260 3734 335 3798 dem
357 3730 584 3815 dittographia
607 3730 681 3797 cod.
698 3729 731 3797 A
752 3731 848 3815 §.ab
875 3751 936 3816 pro
960 3738 1027 3792 lam
1049 3729 1185 3795 exhibet
1211 3738 1278 3793 lam
1298 3728 1375 3806 iam,

261 3852 350 3936 quoa
365 3872 387 3915 a
399 3849 529 3935 Silligio
551 3859 721 3933 receptum
744 3868 823 3914 esse
842 3846 941 3914 valde
961 3852 1072 3916 miror.
1101 3845 1238 3914 Scilicet
1257 3845 1376 3910 ordine

263 3969 441 4034 verborum
463 3967 661 4051 perturbato
682 3969 847 4033 cervicem
875 3968 984 4034 solam
1010 3965 1212 4052 Vespasiani
1234 3961 1375 4047 imperio

260 4086 382 4152 festam
403 4086 569 4152 redditam
592 4106 671 4151 esse
693 4085 849 4165 efficitur,
868 4086 971 4167 facie,
994 4086 1125 4172 opinor,
1146 4083 1234 4150 tristi
1244 4082 1373 4149 relicta.

259 4206 388 4273 Ibidem
409 4206 508 4293 §.lb
532 4224 552 4269 e
572 4203 670 4271 codd.
689 4204 758 4269 Aa
788 4212 855 4268 toto
877 4226 918 4269 ea
938 4223 1082 4269 servare
1104 4202 1234 4285 malim,
1265 4202 1374 4268 deleta

258 4346 333 4390 cum
356 4324 532 4410 plerisque
552 4323 646 4389 libris
670 4324 829 4407 proxima
848 4344 937 4389 voce
958 4320 1045 4403 talio,
1068 4333 1105 4387 nt
1126 4324 1169 4387 ab
1188 4321 1279 4387 Urbe
1299 4329 1334 4384 et
1352 4335 1374 4382 a
1430 4356 1432 4365 x

258 4443 449 4529 Campania
470 4442 515 4506 ad
534 4444 726 4508 universam
742 4445 914 4527 regionem
936 4442 1103 4526 procedet
1122 4441 1246 4514 cratim
1267 4439 1300 4525 §.
1316 4454 1374 4499 au·

258 4573 324 4627 tem
337 4561 395 4625 42.
422 4568 558 4654 quom
576 4569 704 4648 partera
722 4583 765 4626 ex
784 4583 826 4625 ea
846 4560 950 4627 scribi
972 4560 1099 4625 debere
1118 4557 1273 4632 arbitror,
1293 4570 1373 4638 quo·
