3567 5559
750 748 840 849 liber
861 749 949 813 XVI.
1007 785 1009 790 .
1081 839 1087 856 ἱ
1358 740 1398 813 21

371 943 575 1008 Vocabulum
591 950 712 1024 praelio
733 965 817 1008 unns
838 944 885 1007 D²
909 942 1064 1024 servavit,
1092 940 1214 1026 reliqua
1235 942 1268 1005 in
1295 943 1400 1034 xmeni-

272 1062 401 1136 branis
421 1062 457 1125 in
477 1084 507 1126 v.
527 1084 619 1143 saepe
640 1068 805 1128 eontracta
825 1061 1004 1127 certissima
1023 1058 1246 1124 emendatione
1264 1058 1400 1126 eTheo-

270 1179 424 1266 phrasto
447 1180 651 1266 supplentur:
1488 1272 1491 1282 Ι

322 1304 448 1378 marlia
485 1307 514 1361 et
533 1318 612 1377 quae
639 1302 727 1361 uxeio
755 1319 860 1378 campe
885 1317 985 1378 prope
1013 1300 1176 1360 Lebadiam
1206 1305 1335 1360 uocatur
1357 1300 1400 1360 in·

326 1422 443 1495 fluente
465 1419 598 1496 dephcha

653 1536 735 1612 169.
767 1538 1036 1625 170.„=36,65.
1153 1557 1155 1561 ’
1204 1621 1206 1625 ,

373 1665 424 1730 Ne
452 1664 642 1752 ecquidem
670 1687 753 1753 quae
775 1665 921 1750 proxime
949 1671 1141 1751 sequnntur,
1177 1671 1264 1730 recte
1301 1665 1398 1748 vulgo
1419 1708 1482 1780 234
1544 1755 1547 1762 Ι

273 1784 334 1848 sio
358 1782 513 1847 eduntur:
886 1777 897 1794 ⁶
1172 1793 1180 1802 '
1430 1853 1436 1860 ,

334 1901 433 1979 Cum
457 1901 569 2000 igitur
595 1884 690 1981 anno
718 1903 920 2002 permansit
955 1901 1163 1991 inundatio,
1203 1899 1400 2000 proficiunt

334 2035 379 2110 in
404 2037 679 2134 aucupatoriam
715 2059 865 2136 quoqne
890 2034 1186 2134 amplitudinem
1211 2034 1426 2120 vocabam,

334 2176 399 2255 tur
423 2168 603 2266 zeugitae.
642 2144 776 2246 Contra
818 2169 1057 2268 bombyciae,
1097 2166 1271 2242 maturius
1307 2166 1399 2241 reoi-
1447 2165 1457 2173 '

337 2323 477 2401 proco,
511 2301 695 2399 gracilae,
735 2301 951 2377 seminarum
992 2297 1121 2378 latiore
1159 2299 1248 2377 folio
1286 2304 1397 2405 atque

338 2434 576 2536 candidiore,
616 2436 762 2512 modica
796 2432 973 2532 lanugine
1010 2440 1072 2509 ant
1109 2434 1256 2511 omnino
1296 2430 1397 2524 nulla
1430 2407 1433 2412 ¹
1495 2455 1500 2462 ⁴

336 2542 548 2666 spadonum
573 2568 721 2644 nornine
746 2567 967 2666 insignibus

374 2699 496 2790 Plinius
514 2699 600 2762 enim
621 2719 693 2773 oum
714 2707 843 2784 praeter
863 2699 963 2763 verba
984 2696 1163 2780 ‚proficiunt
1186 2734 1222 2742 —
1248 2695 1396 2781 amplitu-

280 2817 411 2881 dinem‘
433 2816 613 2896 importune
646 2821 692 2880 ita
712 2817 803 2880 illata
830 2822 866 2879 ut
888 2816 930 2879 ad
952 2822 1078 2897 tempus
1108 2812 1285 2896 perfeetum
1313 2812 1396 2877 refo-

278 2941 411 3015 rantur‚
432 2933 690 3018 Theophrastum
713 2939 863 2999 accurate
886 2932 1091 3017 expresserit,
1115 2951 1156 2994 ex
1174 2930 1268 2993 huius
1290 2931 1396 2995 verbis

283 3053 345 3116 IV.
365 3052 446 3117 ltss
468 3056 525 3116 irai
543 3056 700 3141 γίνεσθαι
721 3052 781 3124 τὸν
799 3053 861 3135 μὲν
882 3048 1074 3137 ἁδρυθέντὰ
1096 3050 1254 3132 tauriana,
1277 3045 1396 3137 qid'e’lv

284 3169 333 3254 μὴ
365 3175 620 3259 συμπαραμείνῃ
649 3169 687 3234 τὸ
719 3166 810 3252 ὕδωρ
832 3173 1017 3250 βομβνκίαν
1040 3165 1199 3250 colligitur
1226 3172 1396 3250 utrumque

284 3285 526 3350 substantivum
549 3306 621 3349 oum
642 3286 741 3371 verbo
764 3284 1040 3369 coniungendam,
1062 3284 1170 3369 itaque
1183 3263 1396 3348 ‘scribendum

284 3421 398 3468 esse:-

329 3525 522 3584 vocabantur
533 3527 681 3600 zeuoitae,
702 3531 809 3586 comru
824 3524 998 3600 bombyciae
1011 3523 1158 3584 mutarim
1175 3523 1335 3599 reciproco
1353 3538 1396 3584 so.

330 3636 414 3705 lacu.
588 3613 599 3642 ⁸

373 3754 464 3828 Quae
487 3775 607 3839 genera
634 3775 655 3817 a
675 3753 897 3839 Theophrasto
921 3768 992 3816 oum
1015 3751 1142 3816 feminis
1171 3759 1397 3836 comparantur

284 3873 376 3949 ὅλως
397 3873 435 3938 δὲ
456 3874 562 3958 θῆλυν
583 3878 621 3962 τῇ
643 3873 831 3959 προσάψας
860 3874 967 3955 itaque
987 3868 1096 3932 addito
1119 3868 1204 3952 quod
1219 3869 1395 3953 ¹intercide-

281 3999 340 4058 rat
357 3988 514 4055 vocabulo
537 3983 738 4074 appellantur
1171 3995 1179 4002 “

216 4185 222 4193 „
329 4113 462 4186 pruciies
488 4113 668 4183 seminarum
695 4110 817 4190 mode,
845 4110 953 4168 latiore
981 4106 1057 4178 folio
1088 4113 1177 4182 atquc
1208 4109 1396 4188 candidiore,
1498 4161 1501 4167 .

328 4231 449 4289 modica
470 4230 628 4304 innuptae,
751 4290 756 4294 ⁴

284 4364 353 4430 qua
375 4342 465 4406 abiis
478 4341 725 4425 distinguuntur,
748 4359 827 4424 quos
848 4339 1090 4423 Theophrastus
1113 4338 1290 4403 tradiderat
1303 4328 1396 4425 τιρἀς

284 4464 325 4527 δὲ
349 4459 432 4535 ὅλως
455 4456 515 4525 oria
528 4456 617 4539 ἔχειν
639 4456 696 4533 οὓς
718 4462 775 4521 καὶ
795 4457 1106 4542 προσαγορεύουσιν
1128 4454 1314 4539 εὖνουχίας,
1335 4456 1394 4520 ita·

285 4599 350 4662 que
372 4583 446 4659 post
466 4597 495 4640 v.
519 4582 662 4652 moeniae
682 4573 974 4658 interpungendum
1005 4580 1037 4638 et
1068 4584 1120 4636 aut
1147 4574 1179 4636 in
1203 4585 1236 4637 at
1269 4579 1394 4636 mutan-

285 4695 363 4764 dum
385 4692 456 4760 erit.
500 4691 554 4760 Sic
575 4691 704 4758 demum
727 4691 872 4779 perfecta
892 4697 942 4756 est
963 4691 1025 4756 loci
1048 4689 1238 4754 emendatio.
