3567 5559
432 714 494 782 212
849 715 939 776 liber
964 714 1123 776 XXXIII.

1609 799 1610 863 l

432 913 511 990 fluit,
540 909 625 997 quod
647 910 769 976 lollium
804 910 914 974 afflatu
946 907 1133 974 accenditur
1170 908 1315 972 alterum.
1358 910 1465 994 ltaque
1485 909 1527 972 sio

434 1031 559 1094 Graeca
580 1031 711 1092 nornine
728 1049 747 1092 a
764 1027 896 1092 vocibus
914 1027 1055 1114 σκιρρός,
1077 1005 1144 1112 driu
1168 1033 1201 1090 et
1222 1030 1313 1092 πνέω
1337 1026 1428 1090 dueta
1447 995 1527 1089 reete

432 1147 626 1212 scribentur:
648 1151 842 1228 scirerytida
864 1157 892 1209 et
910 1165 1117 1224 pneumeuen.

347 1303 409 1370 742
854 1300 1081 1385 118=r‚40.
1152 1317 1157 1326 ’

483 1432 670 1526 (Minium)
703 1438 833 1505 neutro
873 1453 920 1505 ex
946 1427 1031 1505 loeo
1070 1425 1256 1502 invehitur
1298 1427 1343 1502 ad
1372 1450 1438 1504 nos
1465 1449 1528 1502 nee

479 1566 556 1640 lere
582 1563 730 1638 aliunde
757 1586 866 1661 quam
893 1585 939 1636 ex
954 1560 1141 1660 Hispania,
1169 1560 1409 1637 celeberrimo
1436 1557 1529 1635 Sisa-

427 1791 435 1802 ‚
479 1698 636 1798 ponensl
661 1696 814 1794 regione
842 1693 1041 1769 inBaeliea
1067 1692 1231 1768 miniario
1253 1691 1402 1769 metallo
1421 1693 1530 1768 veell-

479 1827 626 1930 galibus
665 1829 792 1928 populi
819 1828 985 1904 Romani.
1038 1822 1178 1901 Nullius
1215 1826 1269 1901 rei
1304 1825 1529 1924 diligentiore

481 1962 660 2052 custodio,
685 1984 760 2039 non
788 1959 875 2036 lieet
901 1961 951 2036 ibi
977 1958 1154 2059 perlicere
1183 1957 1249 2034 rel.

513 2094 649 2158 Pluralis
672 2098 863 2171 uectigalibus
891 2093 968 2176 quia
990 2091 1032 2155 ad
1053 2098 1201 2154 neutrum
1232 2091 1465 2178 substantivum
1486 2111 1528 2154 re-

430 2196 506 2260 ferri
527 2201 651 2281 potest,
684 2193 725 2257 ad
747 2214 890 2279 eaquae
925 2193 1069 2278 proxime
1098 2197 1274 2276 sequuntur
1301 2193 1530 2277 praepositione

431 2313 541 2382 addita
562 2311 770 2397 applicandus
793 2319 851 2393 est,
875 2311 1042 2396 aptissima
1064 2309 1230 2376 sententia.
1255 2309 1434 2395 Propterea
1454 2310 1528 2374 enirn

430 2433 462 2496 in
478 2403 644 2513 Hispania*
659 2428 772 2514 glebae
800 2429 888 2492 minii
911 2449 974 2493 non
996 2427 1218 2513 perficiuntur,
1254 2428 1328 2512 quia
1363 2427 1529 2512 diligentis·

430 2551 509 2612 sime
547 2548 724 2610 custoditur
752 2546 899 2630 vectigal.
944 2546 1057 2631 Itaque
1087 2545 1290 2609 scribendum
1319 2547 1393 2610 erit:
1476 2565 1526 2608 me·

430 2672 512 2731 tullo.
548 2671 577 2728 E
593 2671 787 2744 uectlpulr'bur
802 2686 835 2744 p.
861 2668 905 2726 Rs
918 2668 1027 2724 nullius
1048 2685 1073 2724 r.
1097 2669 1125 2730 d.
1149 2670 1369 2728 custodienda
1393 2671 1459 2727 licet
1478 2661 1526 2725 rel.

395 2862 398 2869 Ι
431 2782 543 2848 Obiter
564 2804 690 2864 moneo,
713 2789 902 2847 celeberrImo
926 2781 1022 2843 etiam
1044 2781 1076 2843 in
1099 2781 1126 2844 B
1148 2781 1222 2866 legi,
1245 2803 1309 2846 non
1332 2789 1491 2846 celerrimo.
1609 2779 1610 2792 ³

735 2998 748 3021 ,
825 2941 893 3012 119
921 2963 953 2994 =
979 2934 1129 3010 ibidem.

479 3073 643 3171 Namque
685 3082 740 3148 est
775 3072 928 3147 alterum
968 3093 1159 3171 genus-
1188 3070 1289 3168 quod
1327 3071 1366 3145 fit
1405 3046 1527 3148 exusto

479 3206 602 3306 lapide
631 3229 773 3281 -non
813 3229 859 3280 ex
898 3204 961 3280 illo
989 3205 1093 3280 aulus
1130 3203 1309 3279 vomicam
1343 3210 1527 3304 argentum

480 3339 605 3413 vivum
631 3337 900 3437 appellavimus
926 3382 971 3396 -·
1000 3338 1067 3412 sed
1096 3361 1143 3412 ex
1169 3335 1250 3411 aliis
1276 3336 1385 3413 simul
1413 3360 1529 3438 reper-

477 3472 535 3547 tis
588 3467 741 3546 Steriles
768 3472 876 3547 etiam
910 3470 1050 3572 plumbi
1094 3469 1423 3570 deprehenduntur
1454 3468 1527 3548 solo

429 3594 431 3596 ’
479 3602 605 3682 colore
630 3602 695 3679 rel.
1609 3647 1610 3686 p

509 3745 623 3803 steriles
645 3744 733 3800 etium
746 3742 862 3817 plumbi
878 3737 944 3819 de'lj
960 3743 1056 3798 micae
1069 3735 1307 3814 p'reheuduntur
1321 3735 1401 3820 sololl
1421 3736 1523 3800 Bamb.

428 3859 572 3924 versibus
609 3860 654 3921 ita
685 3856 851 3919 distinctis.
897 3853 1221 3919 V.mz'cue1anusin
1248 3853 1393 3938 margine
1416 3853 1454 3918 ab
1475 3855 1523 3917 ali·

427 3996 488 4061 qno
511 3976 705 4059 adscriptam
728 3973 827 4037 luisse
849 3978 959 4056 putat,
993 3972 1094 4055 quir.
1124 3977 1239 4035 steriles
1262 3993 1303 4035 so.
1326 3970 1448 4054 lapides
1475 3992 1521 4034 ex-

426 4091 545 4176 plicare
578 4098 753 4155 conaretur.
798 4089 954 4174 Equidem
991 4104 1086 4175 quum
1118 4097 1193 4154 ante
1223 4113 1251 4154 r.
1288 4095 1402 4152 steriles
1436 4109 1518 4152 unum
1609 4077 1610 4122 4

426 4208 566 4272 litteram
587 4228 712 4272 orosam
736 4228 808 4270 esse
830 4207 957 4271 rideam
980 4229 1073 4272 seous
1102 4229 1228 4272 censeo.
1273 4206 1402 4272 Omissa
1423 4213 1518 4270 erata

374 4376 402 4397 ..
426 4325 554 4390 librario
577 4344 660 4410 pone
689 4305 717 4388 ν’.
741 4325 896 4408 ,repertis‘
915 4331 1026 4406 micae,
1065 4326 1151 4410 quod
1182 4325 1314 4390 verbum
1349 4344 1444 4410 quum
1472 4325 1517 4388 de·

425 4446 551 4510 finiente
585 4443 688 4529 spatio
721 4463 779 4506 suo
812 4443 882 4504 loeo
917 4445 1066 4528 supplere
1094 4465 1158 4508 non
1191 4449 1302 4530 posset
1333 4443 1366 4506 in
1399 4443 1516 4506 alterum
1609 4509 1610 4514 ,

425 4583 552 4628 versum
576 4562 712 4626 coniecit
748 4559 861 4624 eedem
883 4579 982 4623 manu
1005 4562 1061 4626 sed
1089 4562 1202 4628 litteris
1224 4562 1320 4647 paulo
1348 4561 1515 4628 minoribus.

423 4684 535 4766 Itaque
558 4682 653 4744 seribi
675 4680 786 4745 velim:
809 4716 850 4726 —
870 4687 999 4759 repertis
1020 4688 1125 4745 micae.
1148 4687 1271 4746 steriles
1291 4680 1347 4744 rel.
