<?xml version="1.0" encoding="UTF-8"?>
<!DOCTYPE html PUBLIC "-//W3C//DTD XHTML 1.0 Transitional//EN"
    "http://www.w3.org/TR/xhtml1/DTD/xhtml1-transitional.dtd">
<html xmlns="http://www.w3.org/1999/xhtml" xml:lang="en" lang="en">
 <head>
  <title>
</title>
<meta http-equiv="Content-Type" content="text/html;charset=utf-8" />
  <meta name='ocr-system' content='tesseract 3.04.00' />
  <meta name='ocr-capabilities' content='ocr_page ocr_carea ocr_par ocr_line ocrx_word'/>
</head>
<body>
  <div class='ocr_page' id='page_1' title='image "./vindiciaeplinia00urligoog_0166.png"; bbox 0 0 3567 5559; ppageno 0'>
   <div class='ocr_carea' id='block_1_1' title="bbox 380 937 442 1000">
    <p class='ocr_par' dir='ltr' id='par_1_1' title="bbox 380 937 442 1000">
     <span class='ocr_line' id='line_1_1' title="bbox 380 937 442 1000; baseline 0.016 -1"><span class='ocrx_word' id='word_1_1' title='bbox 380 937 442 1000; x_wconf 81' lang='grc'><strong>194</strong></span> 
     </span>
    </p>
   </div>
   <div class='ocr_carea' id='block_1_2' title="bbox 819 557 1122 833">
    <p class='ocr_par' dir='ltr' id='par_1_2' title="bbox 819 557 1122 833">
     <span class='ocr_line' id='line_1_2' title="bbox 927 557 1091 622; baseline 0.006 -1"><span class='ocrx_word' id='word_1_2' title='bbox 927 557 1091 622; x_wconf 81' lang='lat' dir='ltr'><strong>LiberX.</strong></span> 
     </span>
     <span class='ocr_line' id='line_1_3' title="bbox 819 745 1122 833; baseline 0.003 -1"><span class='ocrx_word' id='word_1_3' title='bbox 819 781 826 788; x_wconf 89' lang='lat'><strong>·</strong></span> <span class='ocrx_word' id='word_1_4' title='bbox 903 745 1050 832; x_wconf 69' lang='lat' dir='ltr'><strong>mna</strong></span> <span class='ocrx_word' id='word_1_5' title='bbox 1076 747 1122 833; x_wconf 74' lang='grc' dir='ltr'><strong>Χ.</strong></span> 
     </span>
    </p>
   </div>
   <div class='ocr_carea' id='block_1_3' title="bbox 881 915 1134 1011">
    <p class='ocr_par' dir='ltr' id='par_1_3' title="bbox 881 915 1134 1011">
     <span class='ocr_line' id='line_1_4' title="bbox 881 915 1134 1011; baseline 0 -21"><span class='ocrx_word' id='word_1_6' title='bbox 881 915 1134 1011; x_wconf 78' lang='lat' dir='ltr'><strong>as=2l,24.</strong></span> 
     </span>
    </p>
   </div>
   <div class='ocr_carea' id='block_1_4' title="bbox 506 1066 1563 1861">
    <p class='ocr_par' dir='ltr' id='par_1_4' title="bbox 506 1066 1563 1861">
     <span class='ocr_line' id='line_1_5' title="bbox 580 1066 1562 1172; baseline 0.002 -29.867"><span class='ocrx_word' id='word_1_7' title='bbox 580 1066 705 1167; x_wconf 91' lang='lat' dir='ltr'><strong>itaque</strong></span> <span class='ocrx_word' id='word_1_8' title='bbox 725 1066 861 1144; x_wconf 85' lang='lat' dir='ltr'><strong>terrori</strong></span> <span class='ocrx_word' id='word_1_9' title='bbox 883 1081 970 1146; x_wconf 90' lang='lat' dir='ltr'><strong>sunt</strong></span> <span class='ocrx_word' id='word_1_10' title='bbox 991 1071 1127 1172; x_wconf 82' lang='lat' dir='ltr'><strong>(galli)</strong></span> <span class='ocrx_word' id='word_1_11' title='bbox 1151 1069 1262 1146; x_wconf 85' lang='lat' dir='ltr'><strong>etiam</strong></span> <span class='ocrx_word' id='word_1_12' title='bbox 1283 1069 1450 1146; x_wconf 90' lang='lat' dir='ltr'><strong>leonibus</strong></span> <span class='ocrx_word' id='word_1_13' title='bbox 1473 1072 1562 1144; x_wconf 87' lang='lat' dir='ltr'><strong>fera-</strong></span> 
     </span>
     <span class='ocr_line' id='line_1_6' title="bbox 508 1204 1563 1306; baseline 0 -28"><span class='ocrx_word' id='word_1_14' title='bbox 508 1229 592 1278; x_wconf 91' lang='lat' dir='ltr'><strong>rum</strong></span> <span class='ocrx_word' id='word_1_15' title='bbox 618 1204 925 1304; x_wconf 76' lang='lat' dir='ltr'><strong>generosissimis.</strong></span> <span class='ocrx_word' id='word_1_16' title='bbox 974 1205 1052 1280; x_wconf 91' lang='lat' dir='ltr'><strong>Iam</strong></span> <span class='ocrx_word' id='word_1_17' title='bbox 1076 1231 1125 1280; x_wconf 83' lang='lat' dir='ltr'><strong>ex</strong></span> <span class='ocrx_word' id='word_1_18' title='bbox 1146 1206 1205 1280; x_wconf 91' lang='lat' dir='ltr'><strong>bis</strong></span> <span class='ocrx_word' id='word_1_19' title='bbox 1227 1207 1375 1306; x_wconf 91' lang='lat' dir='ltr'><strong>quidam</strong></span> <span class='ocrx_word' id='word_1_20' title='bbox 1400 1208 1445 1280; x_wconf 94' lang='lat' dir='ltr'><strong>ad</strong></span> <span class='ocrx_word' id='word_1_21' title='bbox 1475 1209 1563 1281; x_wconf 88' lang='lat' dir='ltr'><strong>bella</strong></span> 
     </span>
     <span class='ocr_line' id='line_1_7' title="bbox 506 1341 1561 1441; baseline 0 -25"><span class='ocrx_word' id='word_1_22' title='bbox 506 1351 646 1417; x_wconf 90' lang='lat' dir='ltr'><strong>tantum</strong></span> <span class='ocrx_word' id='word_1_23' title='bbox 670 1351 708 1416; x_wconf 87' lang='lat' dir='ltr'><strong>et</strong></span> <span class='ocrx_word' id='word_1_24' title='bbox 730 1341 871 1441; x_wconf 89' lang='lat' dir='ltr'><strong>proelia</strong></span> <span class='ocrx_word' id='word_1_25' title='bbox 895 1341 1043 1416; x_wconf 88' lang='lat' dir='ltr'><strong>assidua</strong></span> <span class='ocrx_word' id='word_1_26' title='bbox 1064 1352 1277 1436; x_wconf 87' lang='lat' dir='ltr'><strong>nascuntur,</strong></span> <span class='ocrx_word' id='word_1_27' title='bbox 1299 1342 1433 1440; x_wconf 91' lang='lat' dir='ltr'><strong>quibus</strong></span> <span class='ocrx_word' id='word_1_28' title='bbox 1459 1343 1561 1416; x_wconf 89' lang='lat' dir='ltr'><strong>etiam</strong></span> 
     </span>
     <span class='ocr_line' id='line_1_8' title="bbox 506 1475 1561 1578; baseline 0.001 -26"><span class='ocrx_word' id='word_1_29' title='bbox 506 1477 644 1578; x_wconf 89' lang='lat' dir='ltr'><strong>patrias</strong></span> <span class='ocrx_word' id='word_1_30' title='bbox 669 1475 923 1571; x_wconf 85' lang='lat' dir='ltr'><strong>nobilitarunt,-</strong></span> <span class='ocrx_word' id='word_1_31' title='bbox 950 1475 1120 1552; x_wconf 90' lang='lat' dir='ltr'><strong>Rhodum</strong></span> <span class='ocrx_word' id='word_1_32' title='bbox 1143 1486 1206 1551; x_wconf 88' lang='lat' dir='ltr'><strong>aut</strong></span> <span class='ocrx_word' id='word_1_33' title='bbox 1229 1475 1454 1578; x_wconf 71' lang='lat' dir='ltr'><strong>Tanagram.</strong></span> <span class='ocrx_word' id='word_1_34' title='bbox 1502 1481 1561 1556; x_wconf 91' lang='lat' dir='ltr'><strong>Se·</strong></span> 
     </span>
     <span class='ocr_line' id='line_1_9' title="bbox 506 1591 1560 1712; baseline 0.003 -24"><span class='ocrx_word' id='word_1_35' title='bbox 506 1615 649 1689; x_wconf 93' lang='lat' dir='ltr'><strong>cundus</strong></span> <span class='ocrx_word' id='word_1_36' title='bbox 683 1625 742 1689; x_wconf 90' lang='lat' dir='ltr'><strong>est</strong></span> <span class='ocrx_word' id='word_1_37' title='bbox 772 1613 889 1690; x_wconf 80' lang='lat' dir='ltr'><strong>honos</strong></span> <span class='ocrx_word' id='word_1_38' title='bbox 923 1591 1068 1689; x_wconf 77' lang='lat' dir='ltr'><strong>habitus</strong></span> <span class='ocrx_word' id='word_1_39' title='bbox 1090 1612 1237 1689; x_wconf 88' lang='lat' dir='ltr'><strong>Melicis</strong></span> <span class='ocrx_word' id='word_1_40' title='bbox 1265 1627 1303 1690; x_wconf 88' lang='lat' dir='ltr'><strong>et</strong></span> <span class='ocrx_word' id='word_1_41' title='bbox 1329 1617 1560 1712; x_wconf 82' lang='lat' dir='ltr'><strong>Chalcidicis,</strong></span> 
     </span>
     <span class='ocr_line' id='line_1_10' title="bbox 506 1729 1560 1861; baseline 0.002 -37"><span class='ocrx_word' id='word_1_42' title='bbox 506 1761 549 1825; x_wconf 93' lang='lat' dir='ltr'><strong>ut</strong></span> <span class='ocrx_word' id='word_1_43' title='bbox 568 1751 677 1850; x_wconf 89' lang='lat' dir='ltr'><strong>plane</strong></span> <span class='ocrx_word' id='word_1_44' title='bbox 700 1750 831 1850; x_wconf 88' lang='lat' dir='ltr'><strong>dignae</strong></span> <span class='ocrx_word' id='word_1_45' title='bbox 854 1729 937 1824; x_wconf 89' lang='lat' dir='ltr'><strong>aliti</strong></span> <span class='ocrx_word' id='word_1_46' title='bbox 950 1761 1091 1824; x_wconf 87' lang='lat' dir='ltr'><strong>tantum</strong></span> <span class='ocrx_word' id='word_1_47' title='bbox 1111 1749 1261 1826; x_wconf 90' lang='lat' dir='ltr'><strong>honoris</strong></span> <span class='ocrx_word' id='word_1_48' title='bbox 1283 1754 1481 1861; x_wconf 82' lang='lat' dir='ltr'><strong>perhibeat</strong></span> <span class='ocrx_word' id='word_1_49' title='bbox 1495 1749 1560 1828; x_wconf 85' lang='lat' dir='ltr'><strong>Ro·</strong></span> 
     </span>
    </p>
   </div>
   <div class='ocr_carea' id='block_1_5' title="bbox 454 1895 1559 2254">
    <p class='ocr_par' dir='ltr' id='par_1_5' title="bbox 454 1895 1559 2254">
     <span class='ocr_line' id='line_1_11' title="bbox 506 1895 1346 2000; baseline -0.004 -38"><span class='ocrx_word' id='word_1_50' title='bbox 506 1912 612 1962; x_wconf 92' lang='lat' dir='ltr'><strong>mana</strong></span> <span class='ocrx_word' id='word_1_51' title='bbox 634 1913 800 1987; x_wconf 83' lang='lat' dir='ltr'><strong>purpura</strong></span> <span class='ocrx_word' id='word_1_52' title='bbox 825 1895 888 1960; x_wconf 89' lang='lat' dir='ltr'><strong>rel.</strong></span> <span class='ocrx_word' id='word_1_53' title='bbox 1343 1995 1346 2000; x_wconf 15' lang='lat' dir='ltr'>y</span> 
     </span>
     <span class='ocr_line' id='line_1_12' title="bbox 538 2038 1559 2136; baseline 0 -35"><span class='ocrx_word' id='word_1_54' title='bbox 538 2039 588 2102; x_wconf 88' lang='lat' dir='ltr'><strong>lta</strong></span> <span class='ocrx_word' id='word_1_55' title='bbox 601 2038 701 2124; x_wconf 84' lang='lat' dir='ltr'><strong>vulgo</strong></span> <span class='ocrx_word' id='word_1_56' title='bbox 720 2040 807 2104; x_wconf 89' lang='lat' dir='ltr'><strong>male</strong></span> <span class='ocrx_word' id='word_1_57' title='bbox 828 2039 1084 2124; x_wconf 85' lang='lat' dir='ltr'><strong>interpungitur.</strong></span> <span class='ocrx_word' id='word_1_58' title='bbox 1116 2040 1214 2114; x_wconf 84' lang='lat' dir='ltr'><strong>Quae</strong></span> <span class='ocrx_word' id='word_1_59' title='bbox 1230 2041 1316 2136; x_wconf 85' lang='lat' dir='ltr'><strong>enlm</strong></span> <span class='ocrx_word' id='word_1_60' title='bbox 1334 2040 1470 2106; x_wconf 86' lang='lat' dir='ltr'><strong>Romae</strong></span> <span class='ocrx_word' id='word_1_61' title='bbox 1492 2039 1559 2124; x_wconf 86' lang='lat' dir='ltr'><strong>galli</strong></span> 
     </span>
     <span class='ocr_line' id='line_1_13' title="bbox 454 2157 1559 2254; baseline 0.001 -32"><span class='ocrx_word' id='word_1_62' title='bbox 454 2167 531 2222; x_wconf 86' lang='lat' dir='ltr'><strong>erat</strong></span> <span class='ocrx_word' id='word_1_63' title='bbox 551 2157 708 2242; x_wconf 79' lang='lat' dir='ltr'><strong>dignatio,</strong></span> <span class='ocrx_word' id='word_1_64' title='bbox 732 2178 942 2241; x_wconf 81' lang='lat' dir='ltr'><strong>nequaquam</strong></span> <span class='ocrx_word' id='word_1_65' title='bbox 965 2158 1041 2254; x_wconf 89' lang='lat' dir='ltr'><strong>iude</strong></span> <span class='ocrx_word' id='word_1_66' title='bbox 1064 2160 1350 2243; x_wconf 81' lang='lat' dir='ltr'><strong>consequebatur,</strong></span> <span class='ocrx_word' id='word_1_67' title='bbox 1380 2163 1473 2254; x_wconf 91' lang='lat' dir='ltr'><strong>quod</strong></span> <span class='ocrx_word' id='word_1_68' title='bbox 1498 2161 1559 2224; x_wconf 86' lang='lat' dir='ltr'><strong>Me·</strong></span> 
     </span>
    </p>
   </div>
   <div class='ocr_carea' id='block_1_6' title="bbox 453 2272 1559 2478">
    <p class='ocr_par' dir='ltr' id='par_1_6' title="bbox 453 2272 1559 2478">
     <span class='ocr_line' id='line_1_14' title="bbox 453 2272 1558 2362; baseline 0.005 -27"><span class='ocrx_word' id='word_1_69' title='bbox 453 2272 509 2336; x_wconf 88' lang='lat' dir='ltr'><strong>lici</strong></span> <span class='ocrx_word' id='word_1_70' title='bbox 532 2272 612 2358; x_wconf 88' lang='lat' dir='ltr'><strong>galli</strong></span> <span class='ocrx_word' id='word_1_71' title='bbox 640 2275 828 2338; x_wconf 90' lang='lat' dir='ltr'><strong>secundum</strong></span> <span class='ocrx_word' id='word_1_72' title='bbox 854 2276 887 2338; x_wconf 90' lang='lat' dir='ltr'><strong>iu</strong></span> <span class='ocrx_word' id='word_1_73' title='bbox 912 2278 1125 2359; x_wconf 83' lang='lat' dir='ltr'><strong>pugnacitate</strong></span> <span class='ocrx_word' id='word_1_74' title='bbox 1144 2275 1253 2340; x_wconf 88' lang='lat' dir='ltr'><strong>locum</strong></span> <span class='ocrx_word' id='word_1_75' title='bbox 1276 2279 1485 2362; x_wconf 86' lang='lat' dir='ltr'><strong>obtinebant,</strong></span> <span class='ocrx_word' id='word_1_76' title='bbox 1507 2278 1558 2343; x_wconf 91' lang='lat' dir='ltr'><strong>sed</strong></span> 
     </span>
     <span class='ocr_line' id='line_1_15' title="bbox 453 2392 1559 2478; baseline 0.003 -23"><span class='ocrx_word' id='word_1_77' title='bbox 453 2392 543 2476; x_wconf 92' lang='lat' dir='ltr'><strong>quod</strong></span> <span class='ocrx_word' id='word_1_78' title='bbox 572 2393 705 2455; x_wconf 88' lang='lat' dir='ltr'><strong>omuino</strong></span> <span class='ocrx_word' id='word_1_79' title='bbox 732 2415 795 2476; x_wconf 92' lang='lat' dir='ltr'><strong>pro</strong></span> <span class='ocrx_word' id='word_1_80' title='bbox 824 2395 1081 2478; x_wconf 81' lang='lat' dir='ltr'><strong>pugnacissimis</strong></span> <span class='ocrx_word' id='word_1_81' title='bbox 1110 2394 1307 2460; x_wconf 83' lang='lat' dir='ltr'><strong>animalibus</strong></span> <span class='ocrx_word' id='word_1_82' title='bbox 1341 2395 1559 2462; x_wconf 85' lang='lat' dir='ltr'><strong>habebantur·</strong></span> 
     </span>
    </p>
   </div>
   <div class='ocr_carea' id='block_1_7' title="bbox 454 2498 1558 2599">
    <p class='ocr_par' dir='ltr' id='par_1_7' title="bbox 454 2498 1558 2599">
     <span class='ocr_line' id='line_1_16' title="bbox 454 2498 1558 2599; baseline 0.005 -27"><span class='ocrx_word' id='word_1_83' title='bbox 454 2509 595 2575; x_wconf 88' lang='lat' dir='ltr'><strong>Melicos</strong></span> <span class='ocrx_word' id='word_1_84' title='bbox 619 2519 728 2574; x_wconf 91' lang='lat' dir='ltr'><strong>autem</strong></span> <span class='ocrx_word' id='word_1_85' title='bbox 752 2511 859 2574; x_wconf 88' lang='lat' dir='ltr'><strong>obiter</strong></span> <span class='ocrx_word' id='word_1_86' title='bbox 881 2511 1156 2575; x_wconf 88' lang='lat' dir='ltr'><strong>commemoravit</strong></span> <span class='ocrx_word' id='word_1_87' title='bbox 1178 2498 1322 2591; x_wconf 87' lang='lat' dir='ltr'><strong>Plinius,</strong></span> <span class='ocrx_word' id='word_1_88' title='bbox 1350 2513 1429 2577; x_wconf 91' lang='lat' dir='ltr'><strong>dum</strong></span> <span class='ocrx_word' id='word_1_89' title='bbox 1458 2514 1558 2599; x_wconf 89' lang='lat' dir='ltr'><strong>gallos</strong></span> 
     </span>
    </p>
   </div>
   <div class='ocr_carea' id='block_1_8' title="bbox 453 2629 1559 2720">
    <p class='ocr_par' dir='ltr' id='par_1_8' title="bbox 453 2629 1559 2720">
     <span class='ocr_line' id='line_1_17' title="bbox 453 2629 1559 2720; baseline -0.004 -24"><span class='ocrx_word' id='word_1_90' title='bbox 453 2631 637 2696; x_wconf 84' lang='lat' dir='ltr'><strong>bellatores</strong></span> <span class='ocrx_word' id='word_1_91' title='bbox 653 2650 732 2695; x_wconf 88' lang='lat' dir='ltr'><strong>esse</strong></span> <span class='ocrx_word' id='word_1_92' title='bbox 744 2631 959 2696; x_wconf 89' lang='lat' dir='ltr'><strong>demonstrat.</strong></span> <span class='ocrx_word' id='word_1_93' title='bbox 990 2630 1105 2720; x_wconf 89' lang='lat' dir='ltr'><strong>ltaque</strong></span> <span class='ocrx_word' id='word_1_94' title='bbox 1127 2629 1193 2696; x_wconf 91' lang='lat' dir='ltr'><strong>hoc</strong></span> <span class='ocrx_word' id='word_1_95' title='bbox 1214 2631 1313 2695; x_wconf 88' lang='lat' dir='ltr'><strong>modo</strong></span> <span class='ocrx_word' id='word_1_96' title='bbox 1330 2631 1559 2718; x_wconf 84' lang='lat' dir='ltr'><strong>distinguenda</strong></span> 
     </span>
    </p>
   </div>
   <div class='ocr_carea' id='block_1_9' title="bbox 453 2751 1555 2955">
    <p class='ocr_par' dir='ltr' id='par_1_9' title="bbox 453 2751 1555 2955">
     <span class='ocr_line' id='line_1_18' title="bbox 453 2751 953 2854; baseline 0.004 -40"><span class='ocrx_word' id='word_1_97' title='bbox 453 2761 531 2816; x_wconf 87' lang='lat' dir='ltr'><strong>sunt</strong></span> <span class='ocrx_word' id='word_1_98' title='bbox 551 2751 672 2816; x_wconf 86' lang='lat' dir='ltr'><strong>verba:</strong></span> <span class='ocrx_word' id='word_1_99' title='bbox 787 2801 789 2804; x_wconf 25' lang='grc' dir='ltr'><em>ψ</em></span> <span class='ocrx_word' id='word_1_100' title='bbox 899 2849 901 2854; x_wconf 67' lang='lat'><strong>,</strong></span> <span class='ocrx_word' id='word_1_101' title='bbox 951 2819 953 2823; x_wconf 72' lang='grc'>,</span> 
     </span>
     <span class='ocr_line' id='line_1_19' title="bbox 494 2863 1555 2955; baseline 0.001 -24"><span class='ocrx_word' id='word_1_102' title='bbox 494 2907 537 2920; x_wconf 91' lang='grc'><strong>-</strong></span> <span class='ocrx_word' id='word_1_103' title='bbox 559 2867 786 2946; x_wconf 80' lang='lat' dir='ltr'><strong>nobilitarunt,</strong></span> <span class='ocrx_word' id='word_1_104' title='bbox 808 2865 961 2935; x_wconf 74' lang='lat' dir='ltr'><strong>Rhodum</strong></span> <span class='ocrx_word' id='word_1_105' title='bbox 984 2875 1044 2942; x_wconf 77' lang='lat' dir='ltr'><strong>aut</strong></span> <span class='ocrx_word' id='word_1_106' title='bbox 1068 2867 1255 2955; x_wconf 72' lang='lat' dir='ltr'><strong>Tanagrum</strong></span> <span class='ocrx_word' id='word_1_107' title='bbox 1278 2863 1463 2955; x_wconf 72' lang='lat' dir='ltr'><strong>(secundus</strong></span> <span class='ocrx_word' id='word_1_108' title='bbox 1485 2867 1555 2937; x_wconf 74' lang='lat' dir='ltr'><strong>alt</strong></span> 
     </span>
    </p>
   </div>
   <div class='ocr_carea' id='block_1_10' title="bbox 494 2985 1040 3079">
    <p class='ocr_par' dir='ltr' id='par_1_10' title="bbox 494 2985 1040 3079">
     <span class='ocr_line' id='line_1_20' title="bbox 494 2985 1040 3079; baseline 0 -28"><span class='ocrx_word' id='word_1_109' title='bbox 494 2986 526 3056; x_wconf 83' lang='grc' dir='ltr'><strong>Ιι.</strong></span> <span class='ocrx_word' id='word_1_110' title='bbox 546 2987 628 3052; x_wconf 82' lang='lat' dir='ltr'><strong>Mel.</strong></span> <span class='ocrx_word' id='word_1_111' title='bbox 652 3009 678 3051; x_wconf 84' lang='lat' dir='ltr'><strong>e.</strong></span> <span class='ocrx_word' id='word_1_112' title='bbox 701 2985 832 3073; x_wconf 76' lang='lat' dir='ltr'><strong>Cisal),</strong></span> <span class='ocrx_word' id='word_1_113' title='bbox 857 2997 896 3050; x_wconf 92' lang='lat' dir='ltr'><strong>ut</strong></span> <span class='ocrx_word' id='word_1_114' title='bbox 912 2986 956 3074; x_wconf 82' lang='lat' dir='ltr'><strong>pl.</strong></span> <span class='ocrx_word' id='word_1_115' title='bbox 977 2986 1040 3079; x_wconf 48' lang='lat' dir='ltr'><strong>rel,</strong></span> 
     </span>
    </p>
   </div>
   <div class='ocr_carea' id='block_1_11' title="bbox 448 3105 1555 3792">
    <p class='ocr_par' dir='ltr' id='par_1_11' title="bbox 448 3105 1555 3792">
     <span class='ocr_line' id='line_1_21' title="bbox 535 3105 1555 3206; baseline -0.002 -36"><span class='ocrx_word' id='word_1_116' title='bbox 535 3107 565 3194; x_wconf 83' lang='lat'><strong>§.</strong></span> <span class='ocrx_word' id='word_1_117' title='bbox 575 3107 625 3172; x_wconf 84' lang='lat'><strong>75.</strong></span> <span class='ocrx_word' id='word_1_118' title='bbox 649 3128 723 3171; x_wconf 87' lang='lat' dir='ltr'><strong>oum</strong></span> <span class='ocrx_word' id='word_1_119' title='bbox 745 3105 914 3206; x_wconf 75' lang='lat' dir='ltr'><strong>Salmasio</strong></span> <span class='ocrx_word' id='word_1_120' title='bbox 935 3106 1072 3172; x_wconf 92' lang='lat' dir='ltr'><strong>ecod.d</strong></span> <span class='ocrx_word' id='word_1_121' title='bbox 1096 3105 1210 3171; x_wconf 90' lang='lat' dir='ltr'><strong>scribo</strong></span> <span class='ocrx_word' id='word_1_122' title='bbox 1233 3128 1342 3200; x_wconf 57' lang='lat' dir='ltr'><strong>quam</strong></span> <span class='ocrx_word' id='word_1_123' title='bbox 1365 3105 1459 3192; x_wconf 62' lang='lat' dir='ltr'><strong>§.7st</strong></span> <span class='ocrx_word' id='word_1_124' title='bbox 1482 3128 1555 3172; x_wconf 81' lang='lat' dir='ltr'><strong>emo</strong></span> 
     </span>
     <span class='ocr_line' id='line_1_22' title="bbox 450 3223 1555 3304; baseline -0.002 -16"><span class='ocrx_word' id='word_1_125' title='bbox 450 3227 546 3293; x_wconf 82' lang='lat' dir='ltr'><strong>ritur.</strong></span> <span class='ocrx_word' id='word_1_126' title='bbox 589 3225 625 3288; x_wconf 90' lang='lat' dir='ltr'><strong>ln</strong></span> <span class='ocrx_word' id='word_1_127' title='bbox 640 3225 694 3289; x_wconf 91' lang='lat' dir='ltr'><strong>Rd</strong></span> <span class='ocrx_word' id='word_1_128' title='bbox 716 3225 820 3287; x_wconf 76' lang='lat' dir='ltr'><strong>emori</strong></span> <span class='ocrx_word' id='word_1_129' title='bbox 837 3225 957 3288; x_wconf 91' lang='lat' dir='ltr'><strong>eodem</strong></span> <span class='ocrx_word' id='word_1_130' title='bbox 978 3225 1085 3288; x_wconf 89' lang='lat' dir='ltr'><strong>verbo</strong></span> <span class='ocrx_word' id='word_1_131' title='bbox 1101 3224 1177 3286; x_wconf 82' lang='lat' dir='ltr'><strong>mox&#39;</strong></span> <span class='ocrx_word' id='word_1_132' title='bbox 1197 3226 1341 3304; x_wconf 89' lang='lat' dir='ltr'><strong>repetito</strong></span> <span class='ocrx_word' id='word_1_133' title='bbox 1363 3223 1430 3287; x_wconf 90' lang='lat' dir='ltr'><strong>buc</strong></span> <span class='ocrx_word' id='word_1_134' title='bbox 1455 3237 1555 3290; x_wconf 89' lang='lat' dir='ltr'><strong>trans·</strong></span> 
     </span>
     <span class='ocr_line' id='line_1_23' title="bbox 449 3341 1554 3431; baseline -0.001 -25"><span class='ocrx_word' id='word_1_135' title='bbox 449 3345 550 3407; x_wconf 87' lang='lat' dir='ltr'><strong>latum</strong></span> <span class='ocrx_word' id='word_1_136' title='bbox 566 3343 707 3409; x_wconf 88' lang='lat' dir='ltr'><strong>videtur.</strong></span> <span class='ocrx_word' id='word_1_137' title='bbox 730 3344 762 3431; x_wconf 87' lang='lat'><strong>§.</strong></span> <span class='ocrx_word' id='word_1_138' title='bbox 775 3343 836 3405; x_wconf 73' lang='lat'><strong>77:</strong></span> <span class='ocrx_word' id='word_1_139' title='bbox 849 3344 1044 3407; x_wconf 86' lang='lat' dir='ltr'><strong>restituatur</strong></span> <span class='ocrx_word' id='word_1_140' title='bbox 1062 3353 1196 3426; x_wconf 80' lang='lat' dir='ltr'><strong>oportet</strong></span> <span class='ocrx_word' id='word_1_141' title='bbox 1208 3351 1306 3405; x_wconf 86' lang='lat' dir='ltr'><strong>vetus</strong></span> <span class='ocrx_word' id='word_1_142' title='bbox 1323 3341 1554 3426; x_wconf 86' lang='lat' dir='ltr'><strong>interpunctio,</strong></span> 
     </span>
     <span class='ocr_line' id='line_1_24' title="bbox 450 3456 1553 3548; baseline 0.002 -26"><span class='ocrx_word' id='word_1_143' title='bbox 450 3478 547 3545; x_wconf 89' lang='lat' dir='ltr'><strong>quarn</strong></span> <span class='ocrx_word' id='word_1_144' title='bbox 571 3458 720 3544; x_wconf 88' lang='lat' dir='ltr'><strong>Silligius</strong></span> <span class='ocrx_word' id='word_1_145' title='bbox 743 3456 917 3522; x_wconf 85' lang='lat' dir='ltr'><strong>Harduino</strong></span> <span class='ocrx_word' id='word_1_146' title='bbox 940 3458 1024 3521; x_wconf 90' lang='lat' dir='ltr'><strong>duce</strong></span> <span class='ocrx_word' id='word_1_147' title='bbox 1046 3458 1370 3542; x_wconf 70' lang='lat' dir='ltr'><strong>reliqnittcs&#39;coaiae</strong></span> <span class='ocrx_word' id='word_1_148' title='bbox 1394 3482 1464 3523; x_wconf 80' lang='lat' dir='ltr'><strong>uon</strong></span> <span class='ocrx_word' id='word_1_149' title='bbox 1488 3482 1553 3548; x_wconf 79' lang='lat' dir='ltr'><strong>per·</strong></span> 
     </span>
     <span class='ocr_line' id='line_1_25' title="bbox 448 3574 1553 3666; baseline 0.005 -25"><span class='ocrx_word' id='word_1_150' title='bbox 448 3587 571 3656; x_wconf 82' lang='lat' dir='ltr'><strong>meant,</strong></span> <span class='ocrx_word' id='word_1_151' title='bbox 592 3578 690 3640; x_wconf 79' lang='lat' dir='ltr'><strong>sicttti</strong></span> <span class='ocrx_word' id='word_1_152' title='bbox 706 3597 767 3639; x_wconf 85' lang='lat' dir='ltr'><strong>uer</strong></span> <span class='ocrx_word' id='word_1_153' title='bbox 788 3583 937 3638; x_wconf 83' lang='lat' dir='ltr'><strong>octavum</strong></span> <span class='ocrx_word' id='word_1_154' title='bbox 957 3575 1042 3637; x_wconf 84' lang='lat' dir='ltr'><strong>citro</strong></span> <span class='ocrx_word' id='word_1_155' title='bbox 1063 3574 1202 3660; x_wconf 78' lang='lat' dir='ltr'><strong>lapidem</strong></span> <span class='ocrx_word' id='word_1_156' title='bbox 1217 3575 1259 3639; x_wconf 81' lang='lat' dir='ltr'><strong>ab</strong></span> <span class='ocrx_word' id='word_1_157' title='bbox 1273 3599 1310 3641; x_wconf 84' lang='lat' dir='ltr'><strong>eo</strong></span> <span class='ocrx_word' id='word_1_158' title='bbox 1331 3578 1450 3662; x_wconf 89' lang='lat' dir='ltr'><strong>(Lario</strong></span> <span class='ocrx_word' id='word_1_159' title='bbox 1465 3582 1553 3666; x_wconf 83' lang='lat' dir='ltr'><strong>lacu)</strong></span> 
     </span>
     <span class='ocr_line' id='line_1_26' title="bbox 448 3691 1553 3792; baseline 0.005 -32"><span class='ocrx_word' id='word_1_160' title='bbox 448 3699 606 3761; x_wconf 64' lang='lat' dir='ltr'><strong>cumeneo</strong></span> <span class='ocrx_word' id='word_1_161' title='bbox 617 3693 739 3792; x_wconf 79' lang='lat' dir='ltr'><strong>alioqui</strong></span> <span class='ocrx_word' id='word_1_162' title='bbox 749 3691 886 3782; x_wconf 75' lang='lat' dir='ltr'><strong>finitimo</strong></span> <span class='ocrx_word' id='word_1_163' title='bbox 902 3692 1095 3791; x_wconf 71' lang='lat' dir='ltr'><strong>Insubrium</strong></span> <span class='ocrx_word' id='word_1_164' title='bbox 1110 3701 1218 3758; x_wconf 82' lang='lat' dir='ltr'><strong>tractu</strong></span> <span class='ocrx_word' id='word_1_165' title='bbox 1233 3699 1388 3760; x_wconf 71' lang='lat' dir='ltr'><strong>examina</strong></span> <span class='ocrx_word' id='word_1_166' title='bbox 1405 3702 1553 3788; x_wconf 73' lang='lat' dir='ltr'><strong>graculo-</strong></span> 
     </span>
    </p>
   </div>
   <div class='ocr_carea' id='block_1_12' title="bbox 448 3815 1552 3900">
    <p class='ocr_par' dir='ltr' id='par_1_12' title="bbox 448 3815 1552 3900">
     <span class='ocr_line' id='line_1_27' title="bbox 448 3815 1552 3900; baseline 0 -17"><span class='ocrx_word' id='word_1_167' title='bbox 448 3841 524 3883; x_wconf 83' lang='lat' dir='ltr'><strong>rum</strong></span> <span class='ocrx_word' id='word_1_168' title='bbox 539 3818 600 3884; x_wconf 89' lang='lat' dir='ltr'><strong>rel.</strong></span> <span class='ocrx_word' id='word_1_169' title='bbox 628 3817 714 3882; x_wconf 88' lang='lat' dir='ltr'><strong>Nam</strong></span> <span class='ocrx_word' id='word_1_170' title='bbox 729 3819 771 3883; x_wconf 88' lang='lat' dir='ltr'><strong>de</strong></span> <span class='ocrx_word' id='word_1_171' title='bbox 786 3817 905 3882; x_wconf 85' lang='lat' dir='ltr'><strong>avibus</strong></span> <span class='ocrx_word' id='word_1_172' title='bbox 918 3836 1029 3881; x_wconf 89' lang='lat' dir='ltr'><strong>sermo</strong></span> <span class='ocrx_word' id='word_1_173' title='bbox 1052 3825 1116 3895; x_wconf 91' lang='lat' dir='ltr'><strong>est,</strong></span> <span class='ocrx_word' id='word_1_174' title='bbox 1138 3835 1224 3900; x_wconf 88' lang='lat' dir='ltr'><strong>quae</strong></span> <span class='ocrx_word' id='word_1_175' title='bbox 1246 3815 1369 3881; x_wconf 83' lang='lat' dir='ltr'><strong>alicubi</strong></span> <span class='ocrx_word' id='word_1_176' title='bbox 1391 3839 1460 3882; x_wconf 92' lang='lat' dir='ltr'><strong>non</strong></span> <span class='ocrx_word' id='word_1_177' title='bbox 1481 3841 1552 3885; x_wconf 91' lang='lat' dir='ltr'><strong>con-</strong></span> 
     </span>
    </p>
   </div>
   <div class='ocr_carea' id='block_1_13' title="bbox 337 3932 1551 4023">
    <p class='ocr_par' dir='ltr' id='par_1_13' title="bbox 337 3932 1551 4023">
     <span class='ocr_line' id='line_1_28' title="bbox 337 3932 1551 4023; baseline -0.002 -20"><span class='ocrx_word' id='word_1_178' title='bbox 337 3981 341 3992; x_wconf 84' lang='lat'><strong>·</strong></span> <span class='ocrx_word' id='word_1_179' title='bbox 447 3939 653 4023; x_wconf 84' lang='lat' dir='ltr'><strong>spiciautur,</strong></span> <span class='ocrx_word' id='word_1_180' title='bbox 674 3957 739 4002; x_wconf 91' lang='lat' dir='ltr'><strong>nec</strong></span> <span class='ocrx_word' id='word_1_181' title='bbox 759 3938 802 4001; x_wconf 94' lang='lat' dir='ltr'><strong>de</strong></span> <span class='ocrx_word' id='word_1_182' title='bbox 823 3937 877 4020; x_wconf 89' lang='lat' dir='ltr'><strong>iis,</strong></span> <span class='ocrx_word' id='word_1_183' title='bbox 899 3956 986 4021; x_wconf 89' lang='lat' dir='ltr'><strong>quae</strong></span> <span class='ocrx_word' id='word_1_184' title='bbox 1008 3932 1092 4002; x_wconf 89' lang='lat' dir='ltr'><strong>alias</strong></span> <span class='ocrx_word' id='word_1_185' title='bbox 1113 3953 1314 4000; x_wconf 85' lang='lat' dir='ltr'><strong>nunrerosae</strong></span> <span class='ocrx_word' id='word_1_186' title='bbox 1336 3937 1551 4020; x_wconf 84' lang='lat' dir='ltr'><strong>reperiantur.</strong></span> 
     </span>
    </p>
   </div>
   <div class='ocr_carea' id='block_1_14' title="bbox 370 4110 430 4174">
    <p class='ocr_par' dir='ltr' id='par_1_14' title="bbox 370 4110 430 4174">
     <span class='ocr_line' id='line_1_29' title="bbox 370 4110 430 4174; baseline 0.017 -1"><span class='ocrx_word' id='word_1_187' title='bbox 370 4110 430 4174; x_wconf 81' lang='lat'><strong>195</strong></span> 
     </span>
    </p>
   </div>
   <div class='ocr_carea' id='block_1_15' title="bbox 718 4099 1216 4195">
    <p class='ocr_par' dir='ltr' id='par_1_15' title="bbox 718 4099 1216 4195">
     <span class='ocr_line' id='line_1_30' title="bbox 718 4099 1216 4195; baseline -0.004 -19"><span class='ocrx_word' id='word_1_188' title='bbox 718 4101 725 4112; x_wconf 62' lang='lat'><em>⁴</em></span> <span class='ocrx_word' id='word_1_189' title='bbox 796 4101 868 4176; x_wconf 81' lang='lat'><strong>102</strong></span> <span class='ocrx_word' id='word_1_190' title='bbox 884 4113 923 4176; x_wconf 73' lang='lat' dir='ltr'><strong>a</strong></span> <span class='ocrx_word' id='word_1_191' title='bbox 938 4099 1140 4195; x_wconf 71' lang='lat'><strong>103233,</strong></span> <span class='ocrx_word' id='word_1_192' title='bbox 1154 4103 1216 4176; x_wconf 84' lang='lat'><strong>51.</strong></span> 
     </span>
    </p>
   </div>
   <div class='ocr_carea' id='block_1_16' title="bbox 495 4251 1549 4627">
    <p class='ocr_par' dir='ltr' id='par_1_16' title="bbox 495 4251 1549 4627">
     <span class='ocr_line' id='line_1_31' title="bbox 497 4251 1549 4355; baseline 0.002 -27"><span class='ocrx_word' id='word_1_193' title='bbox 497 4254 616 4328; x_wconf 88' lang='lat' dir='ltr'><strong>Rabie</strong></span> <span class='ocrx_word' id='word_1_194' title='bbox 648 4253 796 4353; x_wconf 89' lang='lat' dir='ltr'><strong>quidem</strong></span> <span class='ocrx_word' id='word_1_195' title='bbox 825 4261 925 4326; x_wconf 84' lang='lat' dir='ltr'><strong>tanta</strong></span> <span class='ocrx_word' id='word_1_196' title='bbox 950 4251 1137 4348; x_wconf 80' lang='lat' dir='ltr'><strong>(libidinis</strong></span> <span class='ocrx_word' id='word_1_197' title='bbox 1150 4253 1353 4355; x_wconf 83' lang='lat' dir='ltr'><strong>perdices)</strong></span> <span class='ocrx_word' id='word_1_198' title='bbox 1383 4256 1549 4333; x_wconf 88' lang='lat' dir='ltr'><strong>feruntur</strong></span> 
     </span>
     <span class='ocr_line' id='line_1_32' title="bbox 495 4384 1548 4486; baseline 0.004 -24"><span class='ocrx_word' id='word_1_199' title='bbox 495 4387 595 4464; x_wconf 92' lang='lat' dir='ltr'><strong>utin</strong></span> <span class='ocrx_word' id='word_1_200' title='bbox 618 4386 739 4486; x_wconf 87' lang='lat' dir='ltr'><strong>capite</strong></span> <span class='ocrx_word' id='word_1_201' title='bbox 769 4384 1027 4485; x_wconf 86' lang='lat' dir='ltr'><strong>aucupantium</strong></span> <span class='ocrx_word' id='word_1_202' title='bbox 1057 4407 1170 4484; x_wconf 87' lang='lat' dir='ltr'><strong>saepe</strong></span> <span class='ocrx_word' id='word_1_203' title='bbox 1200 4412 1334 4464; x_wconf 90' lang='lat' dir='ltr'><strong>caecae</strong></span> <span class='ocrx_word' id='word_1_204' title='bbox 1363 4403 1466 4467; x_wconf 89' lang='lat' dir='ltr'><strong>metu</strong></span> <span class='ocrx_word' id='word_1_205' title='bbox 1497 4419 1548 4466; x_wconf 90' lang='lat' dir='ltr'><strong>se-</strong></span> 
     </span>
     <span class='ocr_line' id='line_1_33' title="bbox 495 4518 1548 4627; baseline 0.005 -29"><span class='ocrx_word' id='word_1_206' title='bbox 495 4523 618 4598; x_wconf 87' lang='lat' dir='ltr'><strong>deant.</strong></span> <span class='ocrx_word' id='word_1_207' title='bbox 677 4521 720 4598; x_wconf 86' lang='lat' dir='ltr'><strong>Si</strong></span> <span class='ocrx_word' id='word_1_208' title='bbox 752 4521 800 4597; x_wconf 88' lang='lat' dir='ltr'><strong>ad</strong></span> <span class='ocrx_word' id='word_1_209' title='bbox 827 4520 954 4596; x_wconf 92' lang='lat' dir='ltr'><strong>nidum</strong></span> <span class='ocrx_word' id='word_1_210' title='bbox 983 4518 1016 4592; x_wconf 92' lang='lat' dir='ltr'><strong>is</strong></span> <span class='ocrx_word' id='word_1_211' title='bbox 1039 4518 1163 4620; x_wconf 90' lang='lat' dir='ltr'><strong>eoepit</strong></span> <span class='ocrx_word' id='word_1_212' title='bbox 1188 4523 1389 4620; x_wconf 87' lang='lat' dir='ltr'><strong>accedere,</strong></span> <span class='ocrx_word' id='word_1_213' title='bbox 1420 4528 1548 4627; x_wconf 91' lang='lat' dir='ltr'><strong>adpro-</strong></span> 
     </span>
    </p>
   </div>
   <div class='ocr_carea' id='block_1_17' title="bbox 0 0 1788 5559">
    <p class='ocr_par' dir='ltr' id='par_1_17' title="bbox 0 0 1788 5559">
     <span class='ocr_line' id='line_1_34' title="bbox 0 0 1788 5559; baseline 0 5"><span class='ocrx_word' id='word_1_214' title='bbox 0 0 1788 5559; x_wconf 95' lang='lat' dir='ltr'><strong> </strong></span> 
     </span>
    </p>
   </div>
  </div>
 </body>
</html>
