3567 5559
635 570 892 643 suumn.
1253 569 1314 637 lul

283 756 442 822 Alterum
451 756 563 821 virium
576 755 756 824 Pincianus
768 757 908 840 detexit,
928 756 1088 822 indicavit
1108 757 1142 822 in
1163 755 1314 841 margine

209 872 370 940 Gelenius.
422 873 532 949 Quum
559 878 646 941 eninr
673 877 715 943 de
742 876 1015 964 quadrupedibus
1043 873 1240 941 animalibus
1268 875 1316 940 di·

210 1004 312 1078 sputet
322 992 467 1077 Plinius,
485 993 654 1060 mulierem
666 996 801 1080 generis
819 993 954 1060 hnmani
975 991 1066 1060 nullo
1088 992 1188 1059 modo
1209 993 1317 1078 potuit

210 1131 476 1178 commemorare.
519 1113 646 1179 Asinus
667 1125 779 1179 aulem
800 1114 866 1178 ianr
896 1105 1197 1178 anteaVlll.173.
1239 1109 1315 1176 Ari-

210 1227 353 1294 stotelem
373 1227 436 1298 Vl.
455 1228 507 1294 23.
528 1241 666 1295 secnms
687 1231 830 1315 septimo
859 1229 913 1295 die
943 1249 965 1294 a
984 1239 1084 1315 partu
1111 1229 1236 1314 optime
1257 1228 1315 1294 inr-

213 1345 285 1428 pleri
305 1347 508 1424 tradideram
527 1347 640 1434 itaque
660 1342 742 1412 nibil
763 1347 889 1412 certius
912 1365 1012 1432 quam
1033 1344 1091 1410 bic
1104 1365 1237 1432 quoque
1259 1365 1314 1411 ea·

211 1484 276 1527 rum
292 1464 496 1530 mentionem
520 1459 604 1529 deri.
653 1464 773 1551 Neque
797 1464 1012 1530 tamencum
1036 1463 1188 1530 Pintiano
1218 1464 1315 1528 urinu

215 1581 393 1665 scripserim
415 1583 481 1646 sed
501 1580 622 1646 adnue
675 1580 786 1649 Prima
811 1592 849 1646 nt
869 1581 1001 1646 videtur
1032 1580 1165 1666 syllaba
1186 1601 1247 1666 per
1266 1581 1314 1648 in*

217 1700 326 1763 curiam
344 1699 476 1764 omissa
495 1698 529 1762 in
551 1697 737 1783 ercherypn
760 1698 922 1782 scripturn
943 1697 1070 1764 luerat:

642 1835 764 1882 murres
786 1837 872 1894 rnre,

219 1933 323 2015 quibus
347 1929 491 2018 syllabis
519 1950 606 2018 quae
631 1952 736 1998 sensu
762 1951 882 1998 carere
903 1932 1097 2014 viderentur
1122 1932 1241 2000 deletis
1261 1953 1314 2001 re·

220 2049 332 2114 ceulinr
351 2053 467 2116 scriba
488 2041 642 2116 lacunam
672 2029 772 2140 (inam
801 2054 834 2117 in
855 2063 951 2118 textu
978 2054 1158 2122 verborum
1181 2055 1314 2140 conspi-

223 2170 326 2249 ciebat,
348 2173 490 2237 vocibus
511 2180 544 2235 ct
565 2170 684 2236 mulier
702 2158 881 2239 infeliciter
903 2172 1063 2258 explevit.
1126 2185 1129 2192 '

294 2323 400 2396 Quare
420 2322 549 2388 Plinius
570 2323 643 2407 ipse
662 2323 713 2388 sic
733 2323 866 2389 videtur
887 2324 1085 2409 scripsisset

263 2435 360 2527 Eurus
385 2449 501 2502 aaron
519 2448 591 2524 pasl
617 2462 743 2503 annum
769 2438 811 2505 ub
834 2443 938 2507 enixu
964 2464 996 2509 u.
1019 2465 1051 2508 u.
1071 2466 1103 2531 p.
1122 2463 1151 2509 c.
1180 2443 1314 2521 irruitur,

261 2554 379 2620 crinas
396 2557 536 2645 septimo
550 2556 609 2621 rel.
709 2582 713 2590 ’

633 2807 876 2895 mem

672 3016 852 3111 5=aa
1337 3042 1401 3110 ιω

276 3159 405 3242 lusccta
425 3167 534 3244 mulli
558 3177 741 3267 negarunt
761 3166 919 3268 spirare,
937 3166 1212 3267 idqueralione
1233 3191 1318 3269 per·

276 3301 473 3401 suadentes,
492 3305 662 3406 quoniam
680 3305 825 3384 viscera
846 3303 1024 3382 interiora
1045 3329 1179 3405 nexus
1202 3303 1319 3406 spira-

275 3437 347 3516 bilis
367 3469 442 3522 uun
467 3442 637 3520 inesset.

304 3589 392 3664 Quod
418 3595 524 3680 vulgo
552 3603 630 3657 ante
657 3591 862 3659 llarduinnm
888 3591 1064 3679 legebatur
1094 3591 1215 3656 esces
1238 3593 1320 3656 intc-

240 3698 306 3764 ’Μ
321 3727 340 3773 a
351 3707 439 3777 libris
451 3711 538 3777 Mss.
551 3708 726 3786 abborret3
745 3710 906 3776 llarduini
918 3711 1124 3776 *coniectura
1142 3710 1180 3772 ln
1193 3710 1321 3773 uiscera

243 3830 339 3888 mbr
356 3830 602 3912 grammaticam
628 3839 768 3914 peceat3
795 3828 908 3891 inuret
931 3847 1031 3906 vero,
1061 3825 1153 3912 quud
1174 3825 1321 3911 Silligius

242 3942 336 4016 “pani
354 3945 432 4026 vult,
452 3945 573 4012 falsum
597 3963 678 4010 esse
699 3945 773 4030 quis
795 3963 862 4008 uon
883 3942 1055 4030 intelligit?
1079 3941 1322 4018 Quanduenim

245 4063 330 4120 neres
350 4062 480 4130 viscere
501 4063 606 4128 inisse
627 4061 970 4146 potuerit,=tempnris
992 4070 1190 4124 momentum
1207 4079 1251 4126 ne
1264 4080 1323 4128 cn·

243 4163 320 4244 giuti
338 4179 464 4260 quidem
486 4190 607 4264 potere
650 4178 706 4242 At
725 4197 808 4242 vero
827 4177 926 4262 plura
949 4178 1087 4244 insectis
1108 4193 1245 4261 praeter
1264 4199 1324 4248 ne·

245 4296 306 4348 Um
316 4294 498 4374 spirabilem
519 4298 644 4362 deesse
663 4294 750 4360 infra
763 4295 792 4381 ᾗ.
802 4293 833 4360 9.
843 4312 886 4359 ex
896 4293 1079 4362 Aristotele
1091 4295 1147 4362 lV.
1156 4296 1187 4365 ⁷.
1197 4296 1325 4364 diserte

246 4405 376 4477 traditur:
392 4418 491 4500 „nibil
502 4420 628 4495 intus“,
645 4415 703 4494 ait,
716 4415 803 4492 „nisi
815 4414 994 4480 admodum
1008 4415 1126 4499 paucis
1135 4415 1326 4502 intestinum

246 4510 451 4603 imblicatum‘.
470 4536 612 4606 Scilicet
632 4535 746 4600 emnia
765 4534 1001 4602 desiderantur
1021 4548 1110 4620 quae
1131 4535 1177 4598 ad
1196 4533 1327 4618 spiren·

1077 4649 1117 4714 11
