3567 5559
386 691 429 760 56
819 692 910 754 liber
928 693 1053 755 XVIII.
1123 689 1138 714 ¹*
1200 753 1211 760 .

385 891 527 956 Pintiani
549 891 733 956 coniectura
755 897 820 971 est,
854 895 1035 973 corruptam
1065 907 1137 953 erae
1164 895 1250 953 recte
1277 888 1433 952 intellexit
1453 892 1486 950 at
1609 893 1610 926 l

386 1015 464 1073 ccet'
506 1007 664 1073 excidisse
705 1006 873 1092 ingeniose
916 1006 1095 1092 suspicatus
1133 1012 1192 1070 ast.
1236 1003 1409 1069 Oblocutus
1436 1009 1489 1067 est
1609 1009 1610 1047 Ὗ

386 1127 552 1192 Strackius
572 1147 603 1211 p.
625 1123 672 1188 VI
693 1123 883 1210 codicesque
905 1123 933 1188 Τ
954 1124 975 1188 d
994 1123 1084 1209 sequi
1104 1123 1232 1204 maluit,
1258 1123 1354 1187 Ianus
1373 1121 1488 1206 wlga-

386 1250 452 1308 tam
474 1244 663 1328 scripturam
684 1248 801 1308 tuetur.
843 1243 888 1307 At
909 1241 993 1328 quid·
1007 1242 1170 1327 scripserit
1189 1239 1329 1322 Plinius,
1351 1260 1368 1303 e
1388 1237 1491 1304 simili

386 1359 505 1424 codicis
527 1380 548 1423 a
569 1359 751 1444 corruptela
771 1379 835 1444 qua
856 1361 885 1443 §-
908 1361 969 1427 136
988 1365 1159 1438 hominique
1180 1357 1289 1439 habet
1312 1357 1404 1422 facile
1424 1355 1492 1420 ccl·

384 1477 508 1562 ligitur,
530 1475 652 1539 scilieet
670 1477 840 1561 legendum
862 1498 951 1542 esse:
973 1483 1102 1544 adsensu
1124 1487 1224 1541 tete-ae
1245 1455 1372 1558 queque.
1414 1473 1494 1538 Nou

386 1613 445 1657 sua
466 1599 590 1658 tantum
613 1601 729 1658 natue
750 1593 809 1658 sed
831 1595 927 1660 etiam
948 1603 1053 1660 terrae
1078 1594 1230 1659 facilitate
1252 1595 1379 1680 insigne
1399 1599 1465 1656 eet.

272 1789 365 1860 -355
634 1763 704 1837 139
723 1783 763 1814 =
781 1762 897 1849 ttae.
931 1761 998 1852 (de
1025 1783 1114 1837 ervo
1141 1759 1262 1860 agit).

436 1890 645 1992 -quippe
672 1914 755 1968 cum
780 1891 902 1967 divum
920 1895 1131 1992 Augustum
1158 1899 1324 1968 curatum
1352 1891 1494 1991 episto·

432 2021 479 2099 lis
505 2023 621 2123 ipsius
647 2023 822 2101 memoria
848 2032 981 2101 exstet.
1035 2111 1037 2116 ,

466 2155 563 2218 Ianus
583 2155 719 2219 inseruit
749 2176 784 2219 eo
806 2161 879 2240 poet
901 2167 1052 2239 curatum,
1090 2156 1253 2240 eleganter
1282 2175 1362 2219 sane
1390 2161 1421 2220 et
1450 2149 1494 2216 ad

384 2291 513 2336 sensum
527 2278 624 2335 recte.
648 2272 714 2336 Sed
729 2272 855 2336 facilius
867 2294 932 2337 cum
943 2274 1159 2358 proximorum
1179 2271 1411 2338 vocabulorum
1424 2277 1491 2334 ter·

381 2387 549 2450 minaticni
571 2361 680 2451 ‹ieberi
695 2389 898 2453 existimatur
918 2397 951 2454 ct
971 2399 1113 2457 mutatur
1133 2391 1165 2455 in
1180 2410 1248 2470 quo.
1270 2388 1423 2454 Vicinum
1430 2391 1493 2452 sati

383 2503 562 2592 Strackius
571 2527 601 2590 p.
620 2503 680 2568 VII
701 2512 788 2569 recte
809 2506 843 2569 iu
861 2513 928 2571 dati
947 2509 1134 2574 mutandum
1157 2526 1232 2571 esse
1253 2512 1382 2588 censet3
1405 2504 1491 2570 idem
1605 2590 1606 2594 Ἰ

381 2620 486 2685 locum
508 2626 701 2708 ,corruptum
724 2624 753 2705 §-
775 2623 836 2690 143
872 2626 1004 2710 egregia
1035 2597 1134 2710 patris
1162 2626 1347 2689 coniectura
1382 2619 1488 2686 sanari

276 2802 278 2809 .
382 2736 617 2808 animadvertit.
647 2730 760 2804 Oui'in
782 2743 976 2806 universum·
990 2743 1156 2806 assentior.
1175 2741 1322 2827 Namque
1334 2738 1490 2804 Varronis
1565 2738 1571 2752 ¹

382 2858 487 2920 locum
516 2856 557 2920 de
586 2878 621 2922 re
647 2863 726 2920 rust.
748 2859 773 2922 I.
795 2858 835 2924 31
867 2857 921 2943 qui
948 2858 1075 2922 ocinum
1105 2857 1207 2948 secari
1227 2860 1272 2922 ait
1303 2863 1487 2942 ‚antequam

381 2979 480 3056 gesat
502 2965 643 3060 siliques‘
673 2972 760 3038 haud
781 2974 877 3039 dubie
898 2975 1021 3040 Plinius
1049 2978 1082 3040 in
1111 2977 1216 3040 animo
1246 2973 1389 3038 habebat
1416 2992 1486 3038 cum
1609 3039 1610 3042 ,

327 3097 342 3132 '¹
383 3088 538 3154 scriberet
559 3091 645 3177 quod
667 3114 751 3156 nunc
774 3100 958 3178 ‚antequam
980 3093 1113 3177 gelaret
1134 3093 1265 3180 legitur:
1296 3089 1487 3175 ,generaret‘
1609 3153 1610 3158 ,

382 3205 501 3288 optime
530 3208 694 3272 Strackius
727 3212 880 3293 coniecit,
908 3231 1013 3296 neque
1043 3217 1156 3274 tamen
1179 3209 1311 3275 verbum
1340 3207 1487 3272 absolute
1609 3253 1610 3258 η

379 3321 458 3404 poni
477 3325 670 3406 putaverim,
704 3346 800 3411 quam
822 3327 863 3391 cb
890 3348 960 3392 ram
981 3347 1093 3391 vocem
1114 3311 1267 3408 ,εἰὶἱᾳιιανὴι
1294 3331 1370 3409 post
1391 3346 1420 3390 v.
1435 3345 1487 3388 cu·

380 3446 499 3516 tequam
513 3437 599 3523 quod
612 3440 646 3503 in
657 3441 793 3506 candem
809 3443 964 3528 syllabam
979 3443 1105 3525 desinit,
1118 3441 1196 3547 acidi
1206 3441 1326 3554 detera
1341 3441 1485 3530 arbitrer.

297 3612 360 3682 357
511 3599 592 3680 145.
620 3609 666 3682 46
694 3625 733 3662 =
761 3609 982 3704 16‚43.·(de
1005 3607 1152 3686 medica
1179 3607 1360 3705 loquitur)
1393 3625 1403 3634 ’

417 3735 535 3850 ⁴Opus
570 3747 627 3815 est
658 3741 840 3817 densitate
874 3742 1024 3824 seminis
1058 3740 1179 3819 emnia
1224 3738 1399 3838 occupari
1432 3738 1484 3813 in·

431 3877 762 3972 ternascentesque
795 3871 932 3950 herbas
958 3871 1127 3966 exclude
1164 3872 1203 3947 id
1228 3868 1484 3972 praestantia
1544 3909 1559 3934 s

429 4000 561 4098 iugera
598 4005 721 4080 modia
764 4006 916 4082 vicena:
960 3987 1195 4082 Movendum‘
1223 4025 1270 4077 ne
1313 4001 1486 4076 aduratur

429 4129 492 4206 rel.
574 4127 581 4139 ‘

462 4260 584 4324 Locum
605 4261 700 4326 foede
722 4273 905 4348 corruptum
926 4265 1124 4349 Harduinus,
1146 4286 1218 4330 cum
1230 4263 1363 4346 probam
1375 4263 1483 4327 lectio·

380 4399 454 4442 nem
483 4360 662 4443 cumdem‘
675 4400 770 4466 quam
804 4381 891 4465 apud
918 4383 1160 4468 Dalecampium
1189 4383 1370 4462 invenerat,
1411 4399 1483 4444 eon·

381 4503 538 4561 temneret
564 4503 597 4560 ct
625 4497 755 4562 eMSS.
786 4496 947 4592 sciliceta
970 4498 1039 4563 cod.
1069 4518 1090 4560 a
1117 4504 1292 4562 movendum
1321 4475 1499 4576 scriberets

379 4613 485 4698 magis
507 4614 603 4678 etiam
625 4612 774 4698 corrupit.
812 4613 854 4678 Et
876 4619 963 4678 recte
986 4613 1115 4700 quidem
1137 4613 1301 4680 Strackius
1323 4614 1482 4699 Ianusque

1502 5069 1610 5196 *Li
