3567 5559
571 757 579 764 ,
693 683 966 746 ‚acorna
1273 654 1362 750 ‘oa
1433 777 1440 790 ι

267 883 445 941 scrunito
460 895 559 960 omno,
575 881 701 957 walae
716 895 825 941 eorum
844 882 946 940 etima
968 894 1037 940 verr
1057 881 1289 952 transferantur.

684 1033 753 1107 132
776 1055 817 1086 =
842 1033 940 1120 eno.
1384 1015 1446 1084 4⁰1

281 1153 400 1238 Eius
423 1161 573 1256 (betae)
602 1183 751 1260 quoque
777 1159 952 1238 accione
981 1162 1054 1264 duo
1069 1159 1363 1260 ‘generaGraeci
1401 1163 1404 1168 ’

282 1293 455 1385 faciunt,
484 1295 630 1394 nigrum
656 1299 692 1368 et
718 1293 912 1370 candidius
940 1294 1042 1392 quod
1069 1292 1290 1394 praeferunt.

326 1427 367 1490 A
396 1425 618 1511 Theophrasto
638 1423 708 1488 Vll.
730 1427 759 1492 4.
782 1428 803 1491 4
824 1423 1040 1513 εὐχυλότερον
1060 1432 1127 1490 τῶν
1149 1416 1363 1491 ventilanti

227 1542 374 1608 λευκὸν
405 1548 464 1608 τοῦ
483 1545 629 1625 ,μέλανος
651 1547 797 1624 vocatur,
825 1544 965 1626 itemque
984 1563 1003 1606 a
1019 1541 1205 1606 Dioscoride
1227 1540 1269 1607 Π.
1293 1540 1363 1624 149,

228 1659 362 1746 itaque
397 1659 483 1746 quod
511 1658 597 1743 apud
625 1658 797 1743 Apuleium
829 1658 977 1723 scribitur
1002 1662 1164 1724 candidum
1191 1659 1364 1749 recipiatur

231 1781 396 1862 oportet.

689 1861 757 1934 135
783 1881 824 1914 =
849 1859 947 1948 8,40.
1383 1897 1446 1963 403

292 1989 406 2070 Sunt
431 1991 494 2089 qui
529 1991 634 2068 betas
660 1988 794 2090 pmice
819 1986 916 2066 malo
949 1988 1103 2065 florente
1129 1987 1266 2086 optime
1291 1984 1365 2062 seri

296 2122 521 2200 existiment
541 2167 584 2179 ·-
604 2165 643 2176 -
672 2120 761 2197 Mira
787 2121 992 2198 differentia
1021 2164 1061 2176 -
1091 2143 1174 2196 cum
1199 2117 1365 2204 brassica

296 2261 565 2356 corrumpatur
599 2254 637 2330 in
664 2251 764 2332 dolio
797 2252 873 2330 vini
899 2275 1027 2352 sapor,
1066 2251 1222 2330 odorem
1258 2252 1364 2330 betae

277 2387 408 2466 'toliis
428 2386 614 2465 demersis
639 2385 792 2463 restitui.

339 2520 433 2585 Nihil
455 2519 542 2588 aliud
566 2519 600 2582 lh.
623 2520 642 2582 1.
658 2517 757 2582 nobis
781 2516 942 2602 agendum
973 2523 1023 2581 est
1044 2537 1140 2602 quam
1162 2523 1198 2580 ut
1218 2515 1363 2580 codicum

247 2635 432 2703 motionem
454 2637 670 2701 restituamus.
692 2634 775 2698 Nam
791 2635 929 2719 primum
946 2641 1056 2714 punico
1078 2653 1150 2697 cum
1166 2632 1232 2697 c‘d
1253 2634 1363 2718 legen·-

249 2753 330 2820 dum
360 2753 435 2838 est‚'
451 2773 549 2838 quum
576 2760 612 2817 et
635 2752 753 2816 Plinius
776 2751 937 2836 ‚punicum
957 2752 1088 2816 malum‘
1107 2770 1234 2835 semper
1256 2750 1362 2834 appel·

249 2872 298 2937 let
321 2879 358 2938 at
378 2870 559 2936 Columella
579 2871 632 2933 xl.
654 2870 675 2936 3
696 2890 726 2953 p.
748 2870 811 2935 468
832 2869 882 2932 ed.
906 2869 987 2954 rip„
1010 2886 1107 2953 quem·
1126 2872 1290 2932 auctorem
1307 2885 1362 2930 se·

251 2989 384 3072 quitur,
418 2987 467 3051 de·
484 2987 600 3072 punico
631 2985 715 3050 malo
750 2985 908 3070 loquatur.
952 2985 1078 3050 Deinde
1105 2984 1276 3049 manifesto
1298 3002 1362 3048 non

256 3111 384 3170 odorem
398 3103 459 3169 sed
480 3123 553 3174 cum
574 3101 711 3194 Apuleio
734 3109 767 3166 et
787 3101 839 3166 cd
860 3107 1061 3166 ecdmrecte
1073 3102 1236 3166 scribitur:
1258 3119 1363 3186 neque

257 3223 347 3286 enim
371 3240 487 3306 sapore
502 3224 656 3319 'corrupto
679 3217 757 3283 odor
779 3220 966 3302 restituitur,
989 3218 1047 3283 sed
1069 3240 1165 3304 sapor
1185 3225 1363 3301 corruptus,

259 3357 333 3404 cum
348 3343 462 3403 ‹ccdem
480 3337 503 3403 i.
527 3355 555 3401 e.
576 3336 609 3399 in
630 3335 716 3411 idem
738 3333 857 3398 dolium
878 3334 974 3402 betae
995 3337 1073 3402 solie
1093 3337 1331 3423 demerguntur.
1438 3344 1444 3365 ¹

690 3457 758 3530 137
784 3455 826 3509 Ε
851 3457 948 3545 SM.
1385 3485 1448 3554 409

306 3603 418 3688 ayma
454 3611 476 3663 a
508 3586 625 3688 prima
666 3587 833 3664 sectione
871 3594 1034 3693 praestat
1069 3589 1237 3689 proximo
1263 3611 1364 3666 vere.

263 3734 378 3800 mnam
408 3719 510 3784 scribe
543 3735 614 3783 eum
639 3717 816 3784 Columella
836 3717 895 3782 XI.
917 3719 937 3785 3
958 3741 989 3804 p.
1011 3721 1072 3786 453
1110 3727 1143 3784 et
1169 3722 1239 3803 ipsc
1261 3719 1365 3784 Plinio

265 3835 293 3918 §-
315 3839 387 3919 138,
411 3835 526 3902 deinde
549 3856 590 3900 ex
610 3835 724 3900 iisdem
745 3836 823 3899 locis
845 3843 961 3900 satione
982 3832 1067 3921 quod
1088 3837 1174 3921 apud
1194 3835 1364 3936 Delecem·

180 3963 186 3976 ·
267 3953 353 4035 pium
374 3955 497 4018 incerta
524 3960 601 4018 nota
620 3951 653 4016 Κ
674 3951 820 4034 effertur,
847 3953 959 4018 leviter
980 3958 1164 4038 corruptum
1185 3954 1217 4017 in
1238 3961 1367 4020 statione

267 4068 298 4133 in
318 4091 339 4136 a
360 4076 475 4136 exstat.
1387 4084 1451 4149 410

303 4293 309 4298 ,
373 4167 605 4296 141=8,4l.
651 4203 718 4298 (de
744 4201 930 4282 brassicae
958 4203 1125 4283 caulibus
1151 4207 1249 4308 agit)

312 4354 436 4456 Nuper
473 4354 620 4432 subiere
658 4351 879 4432 Lacuturres
918 4380 967 4432 ex
1001 4355 1172 4435 convelle
1204 4359 1367 4448 Aricina,

313 4489 374 4564 ubi
401 4486 588 4586 quondam
624 4485 691 4562 suit
716 4483 820 4572 lacus
847 4490 1030 4587 turrisque
1071 4512 1166 4587 quae
1192 4498 1368 4581 remanet

313 4621 435 4720 capite
461 4619 723 4720 praegrandes,
751 4619 839 4699 folio
866 4621 1045 4699 innumeri
1071 4621 1137 4697 rel.

1153 4752 1199 4820 6*
1249 4771 1253 4780 ·
