3567 5559
687 782 772 843 Liber
799 781 960 844 ¹XXXIII.
1312 776 1373 845 213

667 1017 732 1088 122
760 1037 800 1066 =
826 1011 975 1088 ibidem.
1130 1004 1132 1010 ’
1394 1044 1456 1111 744

309 1145 516 1220 remedium
560 1152 598 1219 ut
625 1145 762 1244 pariete
790 1145 928 1242 siccato
958 1167 1043 1220 cera
1068 1143 1208 1218 Punica
1235 1185 1279 1194 —-
1308 1141 1373 1214 ad-

311 1277 424 1354 motis
450 1272 572 1376 gallae
600 1279 821 1376 carbonibus
848 1280 1020 1354 inuratur.

349 1411 517 1486 Quomodo
540 1432 558 1474 c
581 1412 666 1496 galla
694 1415 849 1477 carbones
872 1412 941 1474 fieri
964 1411 1101 1493 possint,
1135 1407 1175 1472 ab
1199 1405 1373 1470 editoribus

251 1552 327 1594 non
351 1529 602 1611 demonstratur,
638 1550 742 1615 neque
765 1549 955 1615 quemquern
985 1529 1024 1592 de
1056 1548 1095 1590 ea
1125 1548 1158 1589 re
1196 1525 1373 1589 accuratius

254 1649 426 1733 cogitasse
464 1647 651 1732 putaverim.
701 1645 738 1710 ln
772 1647 885 1728 ,ferreo
919 1649 1005 1710 'vase‘
1039 1646 1193 1708 carbones
1227 1643 1374 1728 componi
1413 1699 1425 1728 ἢ
1545 1677 1550 1684 -

255 1767 386 1830 debere
420 1751 583 1830 Vitruvius
607 1763 678 1828 Vll.
712 1765 741 1831 9.
770 1766 789 1829 3
825 1772 1012 1846 monuerat,
1052 1784 1145 1848 quem
1183 1782 1279 1846 quum
1315 1759 1374 1823 hoo

255 1887 335 1948 loco
357 1884 480 1947 Plinius
509 1889 671 1946 auctorem
694 1891 862 1968 sequatur,
897 1883 1024 1948 nomine
1058 1882 1163 1965 aliquo
1197 1899 1273 1942 usus
1303 1897 1373 1940 esse

180 2078 189 2086 ,
258 2001 428 2088 putandus
451 2008 500 2065 est
521 2021 582 2086 quo
610 2001 694 2064 illius
718 2003 893 2065 orationem
918 2023 981 2064 non
1013 1996 1373 2068 sententiamsariarer.

259 2119 360 2194 Quod
389 2121 491 2201 ipsum
524 2120 556 2183 in
583 2120 713 2203 egregio
748 2119 857 2183 codice
881 2127 1041 2183 servatum
1065 2116 1130 2182 Sili.
1156 2119 1221 2180 lan.
1254 2097 1374 2176 temere

258 2213 488 2322 negleiserunt
531 2235 691 2322 Scriptum
714 2238 798 2301 enim
821 2239 852 2299 in
875 2237 902 2299 B
926 2241 1033 2300 exstat
1054 2242 1113 2313 pol.
1137 2255 1173 2328 eo
1198 2239 1321 2311 <spateae
1341 2231 1374 2292 in

261 2355 313 2433 V)
338 2355 359 2419 i.
383 2375 410 2418 e.
432 2362 538 2433 palla
568 2345 644 2419 vase
666 2377 686 2418 a
707 2341 830 2440 galeas
844 2355 1049 2420 similitudine
1071 2354 1246 2439 appellato,
1279 2370 1372 2435 quam

262 2473 466 2536 deminutiva
496 2473 598 2566 forma
620 2474 721 2538 Varro
755 2473 840 2559 apud
875 2473 1014 2537 Nonium
1043 2472 1112 2536 XV.
1142 2473 1181 2540 35
1214 2470 1373 2556 galeciam

261 2591 406 2668 vocavit,
431 2590 461 2661 h,
477 2591 496 2658 1.
520 2593 588 2656 sine
608 2591 703 2657 dubio
725 2592 953 2677 reponendam.
1007 2595 1010 2600 '

750 2746 883 2810 Ibidem.
1394 2725 1455 2792 745
1497 2797 1499 2802 .

314 2860 383 2955 Qui
412 2861 560 2937 minium
587 2863 622 2936 in
651 2862 807 2938 officinis
835 2862 978 2962 poliunt
1004 2859 1134 2936 faciem
1156 2857 1249 2933 laxis
1276 2857 1373 2932 vesi-

314 2995 369 3070 ois
392 2992 535 3092 illigant
561 3018 608 3070 ne
634 2995 670 3069 in
692 2995 909 3094 respirando
929 2991 1161 3094 pernicialem
1184 2989 1373 3088 pulverem

312 3126 459 3202 trahant
486 3136 664 3203 ettamen
694 3134 732 3202 ut
758 3151 824 3227 per
850 3126 931 3202 illas
958 3131 1145 3226 spectent

348 3266 414 3322 illos
436 3279 564 3344 prorsus
588 3260 725 3324 otiosum
753 3268 817 3341 est,
851 3279 955 3344 neque
979 3259 1061 3322 enim
1085 3257 1263 3320 vesicarum
1285 3275 1374 3319 amor
1496 3269 1499 3282 “

259 3375 386 3439 incolas
405 3377 517 3455 tenuit,
540 3376 597 3440 sed
619 3399 659 3440 ne
676 3377 880 3442 laederentur
903 3383 958 3441 aut
974 3377 1104 3461 pulvere
1126 3381 1181 3438 aut
1197 3373 1373 3459 tegumenti

261 3493 430 3558 crassioris
454 3494 637 3578 asperitate.
681 3494 767 3569 Quid
787 3495 1023 3558 autemvesicis
1047 3493 1170 3558 levius?
1193 3502 1290 3576 atque
1312 3490 1374 3555 hoo

261 3612 370 3696 ipsum
394 3624 425 3674 at
445 3633 502 3692 per
523 3619 625 3674 levio
646 3624 777 3690 spectent
798 3589 976 3676 rectissime
997 3612 1030 3688 in
1043 3615 1067 3675 Β
1081 3611 1235 3695 scriptum
1257 3615 1329 3671 exst
1350 3613 1372 3669 t.

718 3759 782 3830 131
797 3785 842 3815 --
860 3758 956 3842 aad.
1395 3752 1456 3820 746

315 3839 508 3984 pingitque
529 3886 786 3985 (Aegyptus),
811 3909 885 3961 non
904 3882 1022 3961 caelat
1036 3888 1240 3981 argentum.
1268 3878 1373 3955 Unde
1462 3916 1469 3929 x

316 4019 444 4110 transit
470 4017 620 4092 materia
646 4025 683 4092 et
710 4017 758 4117 ad
790 4014 1028 4114 triumphales
1056 4022 1206 4090 statuas.

350 4157 512 4213 transmisit
526 4150 565 4229 R,
586 4150 684 4213 verbo
706 4151 811 4212 minus
826 4156 912 4233 apto,
936 4155 1079 4232 tempore
1093 4145 1270 4231 aptissimo.
1292 4143 1375 4207 Nam

265 4268 393 4333 nonde
415 4289 449 4330 re
473 4288 555 4352 quae
577 4275 644 4347 tum
665 4267 770 4351 ipsum
792 4266 861 4347 lieri
884 4272 1049 4350 coeperat,
1073 4264 1130 4327 sed
1153 4264 1192 4326 de
1215 4283 1303 4327 more
1325 4283 1373 4324 re-

266 4394 361 4471 cepto
396 4407 500 4449 sermo
528 4393 586 4449 est.
641 4385 754 4469 ltaque
788 4385 875 4447 nulla
909 4383 976 4446 fere
1010 4383 1186 4447 mutatione
1219 4381 1376 4444 scribatur

267 4511 410 4588 oportet:
438 4508 521 4567 Unde
543 4506 685 4567 transiit
704 4507 830 4592 materia
852 4500 908 4562 rel.

315 4657 321 4681 ι
349 4621 449 4706 §.159
460 4629 534 4706 post
549 4643 578 4685 v.
601 4626 750 4684 montibus
771 4620 872 4682 levius
896 4616 1046 4701 distingui
1070 4621 1216 4698 oportere
1231 4614 1375 4693 arbitror,

266 4750 302 4805 ut
323 4741 470 4825 proxima
491 4741 589 4804 rerba
612 4739 652 4802 ad
676 4739 715 4802 sil
735 4758 835 4823 prope
858 4735 969 4799 urbem
988 4732 1139 4797 effossum
1160 4731 1348 4795 referantur.
