3567 5559
709 735 880 800 reuera
923 729 926 734 ·
1077 717 1116 753 ”
1275 734 1346 818 ,101

314 925 377 1010 Ut:
392 947 414 990 a
433 928 611 994 minoribus
632 929 726 997 huius
752 929 814 994 looi
841 928 927 993 vitiis
949 927 1072 1010 ordiar,
1093 928 1176 992 bene
1197 929 1295 994 Ianne
1316 953 1346 996 v.

194 1051 292 1122 sere
308 1046 582 1132 interpunctione
611 1051 737 1112 mutata
759 1067 831 1112 eum
859 1046 1012 1132 proximis
1040 1046 1146 1111 verbis
1168 1047 1346 1130 coniunxit3

208 1165 355 1230 vellem
377 1163 527 1231 Latinam
560 1165 817 1230 terminationem
838 1163 944 1228 Plinio
966 1184 983 1228 e
1006 1163 1169 1229 eodioibue
1189 1162 1346 1228 reddidis-

214 1289 290 1347 set.
341 1281 430 1347 Nihil
468 1283 552 1364 euim
572 1282 657 1348 inter
692 1281 857 1368 lapathum
888 1287 922 1345 et
955 1281 1185 1367 oxylapathum
1206 1281 1252 1346 ,in
1285 1280 1347 1344 hoe
1430 1332 1432 1335 .
1503 1252 1507 1256 ι

217 1399 369 1486 quidem
402 1419 521 1486 genere
543 1401 686 1465 interest.
705 1401 800 1494 ‚Hoe
822 1419 949 1486 quoque
978 1399 1081 1463 levius
1109 1405 1159 1463 eet
1179 1399 1264 1486 quod
1287 1397 1347 1476 Sil-

218 1519 336 1605 ligius
360 1517 604 1600 auimadvertit‚
642 1539 684 1583 ex
705 1517 835 1604 Apuleii
864 1517 937 1582 loeo
958 1538 988 1582 v.
1009 1522 1106 1581 satiro
1138 1518 1265 1582 restitui
1291 1516 1346 1581 de·

223 1637 328 1703 bere.
372 1635 435 1711 Qui
456 1657 553 1722 quum
573 1656 711 1717 soporem
736 1624 1026 1717 radah—proximam
1039 1607 1347 1720 eommemdraverit

225 1752 449 1819 hauddubie
477 1752 680 1819 scribendum
707 1760 757 1819 eet
783 1773 896 1835 sopore
921 1758 1016 1818 autho
1039 1761 1221 1833 proximum.
1267 1754 1346 1820 Gra·

226 1874 332 1938 viora
352 1869 473 1952 menda
492 1871 608 1956 partim
629 1870 714 1935 idem
736 1871 893 1957 Apuleius
915 1870 1035 1957 prodit„
1074 1872 1240 1936 Meliorem
1261 1873 1347 1936 euim
1438 1943 1441 1951 ⁸

228 1971 386 2056 ordinem
407 1989 492 2054 hune
515 1987 603 2054 dedit
624 1988 692 2053 ille:
714 1995 868 2068 tappetem
888 1995 1026 2054 siluestre
1047 1994 1184 2055 exailida
1205 2011 1223 2054 a
1245 1995 1345 2070 (ppo)
1384 2039 1388 2046 .

229 2113 337 2176 aoeiri
356 2112 508 2172 ruminent.
530 2112 644 2174 uicum
662 2111 807 2170 lerinam.
850 2105 1042 2173 Necessario
1066 2108 1150 2172 enim
1168 2126 1251 2202 quae
1273 2112 1347 2192 poet

232 2249 266 2290 v.
289 2231 412 2290 maome
429 2231 606 2316 sequuntur
616 2230 691 2310 poet
705 2246 734 2288 v.
752 2231 905 2304 appellent
915 2225 1104 2292 eolloeauda
1119 2229 1202 2291 eunt.
1225 2224 1348 2288 Verum

234 2363 279 2408 ne
302 2341 350 2407 eie
372 2341 500 2428 quidem
521 2349 609 2406 reeta
630 2341 775 2426 procedit
798 2343 911 2424 oratio,
933 2343 1069 2408 molesta
1085 2319 1214 2407 lumieie
1236 2341 1346 2427 appel·

234 2460 361 2524 latione
382 2461 568 2544 interrupta.
610 2457 778 2523 Rumieem
796 2464 904 2524 autem
927 2447 992 2525 uon
1015 2460 1160 2525 silvestre
1182 2459 1347 2545 lapathum

237 2575 300 2641 aed
322 2575 459 2641 rotimum
480 2576 589 2640 voeari
609 2575 731 2640 Plinius
752 2577 821 2661 ipse
842 2575 933 2642 XIX.
957 2577 1018 2644 184
1043 2576 1233 2642 tradiderat
1253 2576 1348 2650 Quod

239 2713 360 2760 nomen
382 2713 478 2780 quum
501 2715 521 2758 a
542 2695 749 2780 grammatico
775 2693 829 2758 illo
853 2692 1044 2778 semidooto,
1073 2713 1168 2780 quem
1189 2695 1254 2757 iam
1276 2712 1347 2757 eae·

187 2863 192 2874 .
239 2812 314 2899 plur
343 2794 550 2906 interpretem
584 2831 648 2876 non
677 2809 820 2876 criticum
855 2813 957 2876 solum
991 2813 1097 2897 egisse
1128 2811 1282 2891 uidimus,
1313 2810 1348 2874 in

241 2925 387 3012 margine
413 2925 608 3014 adeeriptum
636 2935 738 3011 esset,
774 2929 806 2994 in
835 2950 873 2994 eo
904 2929 1069 3015 exemplo,
1107 2928 1193 2993 unde
1218 2927 1348 2993 'eodieee

242 3043 343 3109 nostri
359 3043 489 3108 alteriue
510 3043 651 3110 semihae
674 3039 828 3130 originem
850 3046 1021 3129 duxerunt,
1042 3047 1113 3111 loeo
1130 3051 1349 3133 praepostero,

243 3163 277 3228 in
298 3181 346 3244 eo,
368 3159 454 3248 quod
473 3160 629 3247 Apuleius
643 3168 772 3228 saeuius
795 3168 853 3245 eet,
875 3169 965 3228 reato
978 3163 1061 3228 inter
1073 3162 1236 3249 scriptoria
1249 3159 1365 3249 verba*

246 3284 408 3364 receptum
429 3284 488 3342 eet.
531 3278 681 3365 Sequitur
710 3280 794 3345 aliud
818 3279 945 3363 vitium,
973 3281 1006 3344 in
1039 3279 1149 3345 codiee
1176 3285 1348 3366 personate

248 3395 336 3460 Koa
356 3414 452 3480 quam
474 3395 541 3459 Sill.
560 3402 593 3489 et
613 3395 711 3460 Ianua
733 3398 924 3482 probarunt,
946 3395 1194 3483 interpolatione
1218 3402 1349 3478 tectum,

249 3511 330 3599 quod
350 3500 509 3597 quem'odo
530 3512 705 3578 tollendum
728 3514 778 3597 eit,
800 3515 865 3578 iam
880 3513 1077 3579 Dioaeeridie
1099 3514 1205 3587 verbis,
1227 3513 1349 3579 indica·
1442 3513 1448 3520 ’

250 3636 305 3695 tur.
327 3627 389 3703 Qui
400 3627 549 3714 quumII.
561 3631 622 3699 140
633 3629 783 3696 hortanae
794 3631 961 3716 lapathum
973 3653 994 3696 a
1005 3629 1139 3717 palustri
1155 3614 1349 3715 onylapathe

251 3745 405 3810 diversum
427 3765 499 3810 aeae
521 3723 689 3811 tradiderit
709 3747 758 3813 hie
779 3747 885 3813 verbis
912 3749 951 3814 τὸ
974 3749 1013 3815 δέ
1039 3773 1072 3814 τι
1098 3747 1263 3833 aamercort
1289 3742 1350 3826 οὐχ

252 3862 363 3947 ὅμοιον
384 3867 429 3951 τῷ
449 3862 582 3951 πρώτῳ,
604 3863 659 3948 qui
678 3865 809 3930 tandem
830 3865 899 3930 fieri
912 3871 1020 3951 potest
1040 3867 1076 3927 ut
1096 3862 1181 3928 idem
1204 3883 1223 3926 a
1243 3861 1348 3925 Plinio

254 3977 374 4044 oxalide
402 3979 500 4043 etiam
521 3979 655 4054 similius
677 3982 876 4067 appelletur?
919 3987 1024 4046 Sotioo
1055 3959 1133 4044 idem
1165 3983 1290 4043 similius
1316 3977 1350 4042 iu

254 4095 318 4161 eod.
339 4115 367 4177 a,
388 4101 486 4160 sativo
508 4101 575 4159 item
595 4103 719 4162 amitae
739 4098 773 4163 in
796 4097 888 4165 oodd.
911 4097 1009 4163 VTd
1032 4097 1157 4179 dieitur,
1179 4094 1350 4161 dicendum

255 4220 317 4278 erat
341 4218 429 4277 satiei
451 4217 634 4279 dissimilius}
675 4214 824 4302 Denique
851 4215 965 4280 ultima
992 4214 1091 4280 verba
1120 4213 1207 4278 idem
1227 4212 1260 4292 Κ
1281 4233 1350 4277 eor-

256 4332 345 4416 rupit:
366 4341 395 4394 ee
415 4337 555 4396 acutiora
572 4335 650 4408 solia
671 4353 709 4396 oo
729 4336 870 4397 rrebriore
891 4332 962 4398 eod.
985 4333 1026 4415 V,
1051 4371 1088 4385 -
1110 4337 1238 4398 radiare
1260 4330 1351 4422 ripu-

256 4448 328 4513 leiue
348 4447 461 4532 habet,
488 4448 574 4514 unda
595 4457 683 4522 reete
707 4448 847 4535 Silligiue
876 4450 952 4536 quid
974 4450 1095 4514 Phniua
1118 4447 1283 4533 eoripeia'ee
1305 4446 1351 4511 vi-

260 4565 359 4631 deatur
379 4566 518 4652 collegit.
561 4565 682 4631 Loeum
703 4567 800 4651 igitur
823 4567 940 4630 misere
961 4566 1105 4630 habitum
1133 4565 1180 4628 eie
1199 4562 1350 4626 restituo:

294 4705 315 4751 e.
342 4705 367 4747 a.
397 4703 429 4768 e„
451 4705 491 4749 a·
505 4705 532 4763 q.
561 4705 592 4750 o.
620 4705 648 4748 o.
678 4688 846 4766 appellant,
871 4689 932 4748 ulii
957 4686 1110 4764 lapathum
1136 4676 1351 4758 aomterinam,
