3567 5559
420 758 483 827 246
837 757 925 822 uta
939 754 1112 824 ffli'ss.

421 977 506 1045 pone
526 981 556 1022 v.
568 957 810 1043 ‚appellabatur
831 956 1048 1040 oollooaveris,
1070 977 1109 1022 aa
1131 978 1227 1044 quam
1239 958 1386 1044 scriptor
1408 955 1527 1020 adeota-

420 1078 467 1141 vit
492 1075 648 1142 sermonis
676 1075 838 1162 elegantia
863 1073 1012 1140 videntur
1038 1074 1237 1161 dignissima.
1287 1075 1416 1140 Deleta
1442 1073 1531 1159 igitur

421 1214 500 1259 roos
522 1193 647 1276 ,nodua‘
666 1193 713 1258 ita
733 1193 880 1278 prooedit
902 1193 1021 1257 oratio:

463 1316 483 1374 ι’.
506 1331 534 1375 a.
561 1317 631 1377 ouri
651 1331 750 1377 rom
769 1317 786 1376 ι’.
808 1331 844 1374 nr.
866 1333 892 1377 r.
911 1331 944 1390 p.
965 1329 1052 1391 roro,
1076 1329 1132 1374 neo
1151 1315 1209 1374 atet
1230 1315 1251 1375 t.
1273 1331 1303 1374 a.
1330 1331 1362 1373 n.
1387 1331 1415 1373 o.

338 1465 401 1534 837
844 1469 892 1540 57
906 1500 940 1530 =
954 1461 1102 1542 ibidem·
1218 1551 1220 1558 q

469 1637 517 1652 -
543 1595 674 1672 duritia
688 1595 944 1675 inenarrabilis
960 1602 1017 1673 est
1033 1592 1215 1695 simulque
1235 1595 1389 1697 ignium
1407 1588 1531 1668 victrix
1622 1699 1623 1702 q

471 1736 602 1807 natura
617 1773 677 1821 -,
703 1729 803 1806 unde
831 1734 868 1806 et
893 1752 1031 1810 nomen
1056 1728 1367 1828 interpretatione
1398 1724 1534 1804 Graeca
1622 1801 1623 1846 ἰ

472 1862 662 1958 [indomite
687 1863 758 1968 vis]
785 1861 942 1962 aceepit.

502 1995 741 2064 Nominatirum
762 2015 820 2081 per
841 2015 877 2060 se
898 1994 1133 2080 ineptissimum
1154 1992 1197 2058 ed
1218 1992 1419 2060 oorreotoris
1441 1990 1531 2054 inter·

419 2113 632 2200 pretationem
644 2112 849 2180 referendum
865 2133 938 2178 esse
951 2113 1021 2197 quis
1039 2111 1186 2178 dubitet?
1207 2109 1300 2186 Quae
1318 2130 1424 2197 quum
1443 2105 1533 2174 etism

421 2230 506 2316 apud
533 2231 692 2296 Isidorum
712 2229 804 2296 XVI.
826 2231 865 2298 13
899 2230 1093 2316 reperiatur,
1128 2227 1171 2292 od
1198 2228 1330 2314 antiquo
1361 2221 1531 2293 referendo

420 2369 494 2418 esse
515 2347 735 2414 additamenta
761 2348 913 2431 affinitur,
943 2352 1151 2433 quaerente,
1177 2346 1239 2411 nisi
1261 2345 1373 2429 fallor,
1407 2339 1530 2409 soeculo
1578 2375 1589 2406 ι

421 2473 535 2553 quarto
563 2465 734 2552 assignavi.
777 2465 816 2533 V.
838 2478 868 2530 er
887 2486 962 2530 oum
983 2467 1008 2530 B
1031 2463 1209 2532 emittentia
1231 2470 1288 2530 est

337 2625 400 2694 838
683 2621 899 2709 63:5,1e
931 2618 1000 2712 (de
1026 2615 1268 2717 smaragdis).

468 2749 667 2828 Praeterea
693 2746 899 2851 longinquo
926 2750 1193 2852 amplificantur
1211 2749 1296 2826 visu
1321 2747 1528 2826 inficientes

472 2886 570 2962 eirea
596 2907 639 2961 se
665 2907 926 2984 repercussum
953 2907 1038 2962 aere
1065 2883 1130 2960 rei.

461 3016 538 3084 'Pria
550 3037 670 3106 genere
683 3015 925 3102 smaragdorum
941 3032 1033 3090 <nam
1051 3015 1262 3102 ,smaragdus‘
1283 3035 1348 3080 non
1372 3029 1523 3098 ‚zmarag-

421 3139 491 3204 dua‘
516 3157 556 3202 aa
575 3156 703 3224 gemma
723 3133 1002 3221 inBappelletur)
1021 3132 1188 3220 distinguit
1200 3132 1333 3216 Plinius,
1356 3147 1525 3205 eonvexos,

420 3276 588 3336 concavos,
609 3253 738 3340 planos,
761 3272 840 3338 quos
864 3258 1013 3316 extentos
1035 3258 1140 3334 voeat,
1161 3251 1303 3336 itemque
1326 3249 1458 3318 Solinus
1478 3243 1523 3310 15.

420 3370 564 3436 convexi
586 3376 695 3433 autem
718 3367 941 3433 deseribuntur
962 3369 1064 3433 eade
1087 3389 1151 3455 qua
1173 3369 1332 3454 loquimur
1357 3363 1523 3441 sententis,

419 3487 624 3554 nominantur
645 3483 789 3548 eSolino
808 3491 937 3567 eteberi,
961 3485 1047 3573 quod
1067 3486 1258 3551 venabulum
1280 3506 1366 3572 pone
1387 3507 1416 3551 v.
1434 3498 1521 3566 proe-

419 3618 503 3672 terro
523 3604 709 3699 neeessario
728 3601 935 3670 inserendum
957 3612 1016 3669 est

334 3780 396 3851 839
469 3777 690 3856 semperque
731 3757 869 3833 sensim
895 3756 1082 3833 radiantes
1109 3763 1147 3833 et
1185 3757 1305 3833 visum
1331 3755 1520 3833 admittes·
1572 3849 1576 3858 .

465 3899 522 3967 tes
547 3890 595 3965 ad
618 3891 900 3967 erassitudinem
926 3891 982 3966 sui
1009 3889 1183 3966 facilitate
1208 3887 1435 3966 translucida
1460 3883 1520 3964 rel.

499 4019 584 4094 Quid
607 4025 658 4085 est
678 4022 790 4103 ,visum
814 4021 1016 4087 admittore‘i
1048 4021 1162 4108 Neque
1184 4041 1246 4106 ego
1270 4021 1336 4086 seio
1358 4041 1464 4107 neque
1484 4017 1519 4084 ab

417 4138 593 4204 editoribus
614 4137 767 4221 edoeeor,
789 4139 950 4227 verbaque
973 4159 1012 4204 ea
1034 4160 1132 4226 quum
1152 4157 1216 4202 non
1239 4140 1272 4202 in
1295 4137 1321 4201 Ο
1343 4139 1446 4205 sotum
1469 4133 1519 4203 sed

417 4255 512 4322 etiem
535 4255 568 4319 in
589 4255 617 4319 B
639 4255 842 4337 omittantur,
872 4257 987 4322 lubens
1009 4255 1226 4344 expungenda
1250 4273 1322 4320 ease
1351 4275 1518 4334 senseram,

414 4373 476 4438 nisi
498 4380 627 4459 praeter
654 4380 798 4437 veterum
820 4373 976 4439 aditorum
1004 4375 1102 4440 libros
1136 4373 1233 4438 etiem
1267 4371 1355 4460 apud
1377 4373 1517 4439 Setinum

414 4492 435 4555 l.
456 4491 478 4554 l.
506 4488 587 4555 haeo
623 4491 740 4574 seripta
774 4491 983 4575 reperissem:
1025 4486 1212 4580 ,probantur
1233 4528 1274 4540 -
1316 4492 1343 4556 si
1378 4499 1520 4578 aspeotus

414 4607 652 4674 transmittant.
695 4607 799 4684 Quem
821 4610 1014 4678 sententiam
1043 4609 1302 4699 interponetions
1332 4616 1457 4676 mutata
1476 4609 1516 4675 its
1622 4619 1623 4700 t

416 4725 546 4804 effieera
569 4725 697 4808 liceret,
737 4732 774 4813 ut
804 4725 1023 4810 distinguendi
1057 4712 1166 4793 notem
1196 4749 1217 4792 o
1236 4749 1264 4794 v.
1300 4727 1519 4812 ,admittentes‘
1622 4729 1623 4800 ζ
