<?xml version="1.0" encoding="UTF-8"?>
<!DOCTYPE html PUBLIC "-//W3C//DTD XHTML 1.0 Transitional//EN"
    "http://www.w3.org/TR/xhtml1/DTD/xhtml1-transitional.dtd">
<html xmlns="http://www.w3.org/1999/xhtml" xml:lang="en" lang="en">
 <head>
  <title>
</title>
<meta http-equiv="Content-Type" content="text/html;charset=utf-8" />
  <meta name='ocr-system' content='tesseract 3.04.00' />
  <meta name='ocr-capabilities' content='ocr_page ocr_carea ocr_par ocr_line ocrx_word'/>
</head>
<body>
  <div class='ocr_page' id='page_1' title='image "./vindiciaeplinia00urligoog_0424.png"; bbox 0 0 3567 5559; ppageno 0'>
   <div class='ocr_carea' id='block_1_1' title="bbox 348 943 410 1010">
    <p class='ocr_par' dir='ltr' id='par_1_1' title="bbox 348 943 410 1010">
     <span class='ocr_line' id='line_1_1' title="bbox 348 943 410 1010; baseline 0 -1"><span class='ocrx_word' id='word_1_1' title='bbox 348 943 410 1010; x_wconf 81' lang='grc'>759</span> 
     </span>
    </p>
   </div>
   <div class='ocr_carea' id='block_1_2' title="bbox 428 732 1126 802">
    <p class='ocr_par' dir='ltr' id='par_1_2' title="bbox 428 732 1126 802">
     <span class='ocr_line' id='line_1_2' title="bbox 428 732 1126 802; baseline 0 0"><span class='ocrx_word' id='word_1_2' title='bbox 428 732 492 802; x_wconf 76' lang='grc'>220</span> <span class='ocrx_word' id='word_1_3' title='bbox 759 761 767 778; x_wconf 72' lang='grc'><strong><em>·</em></strong></span> <span class='ocrx_word' id='word_1_4' title='bbox 866 741 957 802; x_wconf 81' lang='lat' dir='ltr'>libet·</span> <span class='ocrx_word' id='word_1_5' title='bbox 973 739 1126 802; x_wconf 82' lang='lat' dir='ltr'><em>XXXIV.</em></span> 
     </span>
    </p>
   </div>
   <div class='ocr_carea' id='block_1_3' title="bbox 431 935 1527 2066">
    <p class='ocr_par' dir='ltr' id='par_1_3' title="bbox 479 935 1526 1708">
     <span class='ocr_line' id='line_1_3' title="bbox 835 935 1145 1012; baseline -0.006 -2"><span class='ocrx_word' id='word_1_6' title='bbox 835 938 904 1010; x_wconf 83' lang='lat'>165</span> <span class='ocrx_word' id='word_1_7' title='bbox 930 959 971 990; x_wconf 94' lang='lat'><strong><em>=</em></strong></span> <span class='ocrx_word' id='word_1_8' title='bbox 998 935 1145 1012; x_wconf 83' lang='lat' dir='ltr'>ibidem.</span> 
     </span>
     <span class='ocr_line' id='line_1_4' title="bbox 482 1063 1520 1166; baseline -0.001 -26"><span class='ocrx_word' id='word_1_9' title='bbox 482 1065 604 1165; x_wconf 90' lang='lat' dir='ltr'>Nuper</span> <span class='ocrx_word' id='word_1_10' title='bbox 635 1067 673 1141; x_wconf 91' lang='lat' dir='ltr'>id</span> <span class='ocrx_word' id='word_1_11' title='bbox 712 1072 939 1166; x_wconf 84' lang='lat' dir='ltr'>compertum</span> <span class='ocrx_word' id='word_1_12' title='bbox 984 1065 1151 1158; x_wconf 86' lang='lat' dir='ltr'>(metalla</span> <span class='ocrx_word' id='word_1_13' title='bbox 1178 1065 1355 1144; x_wconf 90' lang='lat' dir='ltr'>derelicta</span> <span class='ocrx_word' id='word_1_14' title='bbox 1383 1063 1520 1140; x_wconf 72' lang='lat' dir='ltr'><strong>fertilius</strong></span> 
     </span>
     <span class='ocr_line' id='line_1_5' title="bbox 479 1196 1522 1296; baseline -0.003 -23"><span class='ocrx_word' id='word_1_15' title='bbox 479 1199 726 1286; x_wconf 85' lang='lat' dir='ltr'>revirescere)</span> <span class='ocrx_word' id='word_1_16' title='bbox 759 1200 793 1273; x_wconf 90' lang='lat' dir='ltr'>in</span> <span class='ocrx_word' id='word_1_17' title='bbox 824 1199 971 1277; x_wconf 81' lang='lat' dir='ltr'>Baetica</span> <span class='ocrx_word' id='word_1_18' title='bbox 998 1199 1222 1277; x_wconf 89' lang='lat' dir='ltr'>Samarieusi</span> <span class='ocrx_word' id='word_1_19' title='bbox 1249 1196 1409 1288; x_wconf 90' lang='lat' dir='ltr'>metallo,</span> <span class='ocrx_word' id='word_1_20' title='bbox 1435 1197 1522 1296; x_wconf 87' lang='lat' dir='ltr'>quod</span> 
     </span>
     <span class='ocr_line' id='line_1_6' title="bbox 481 1323 1523 1433; baseline -0.002 -26"><span class='ocrx_word' id='word_1_21' title='bbox 481 1331 593 1407; x_wconf 88' lang='lat' dir='ltr'>locari</span> <span class='ocrx_word' id='word_1_22' title='bbox 612 1329 758 1407; x_wconf 90' lang='lat' dir='ltr'>solitum</span> <span class='ocrx_word' id='word_1_23' title='bbox 780 1323 879 1411; x_wconf 56' lang='lat' dir='ltr'>XC&#39;C</span> <span class='ocrx_word' id='word_1_24' title='bbox 908 1335 1049 1423; x_wconf 83' lang='lat' dir='ltr'>abnuis,</span> <span class='ocrx_word' id='word_1_25' title='bbox 1077 1339 1274 1433; x_wconf 84' lang='lat' dir='ltr'>postquam</span> <span class='ocrx_word' id='word_1_26' title='bbox 1290 1327 1523 1409; x_wconf 88' lang='lat' dir='ltr'>oblitteratum</span> 
     </span>
     <span class='ocr_line' id='line_1_7' title="bbox 481 1453 1525 1560; baseline 0.002 -23"><span class='ocrx_word' id='word_1_27' title='bbox 481 1473 567 1550; x_wconf 86' lang='lat' dir='ltr'>erat,</span> <span class='ocrx_word' id='word_1_28' title='bbox 598 1453 769 1542; x_wconf 71' lang='lat' dir='ltr'>x&#39;o&#39;otv</span> <span class='ocrx_word' id='word_1_29' title='bbox 806 1467 964 1543; x_wconf 91' lang='lat' dir='ltr'>locatum</span> <span class='ocrx_word' id='word_1_30' title='bbox 992 1474 1064 1560; x_wconf 89' lang='lat' dir='ltr'>est;</span> <span class='ocrx_word' id='word_1_31' title='bbox 1104 1464 1211 1541; x_wconf 82' lang='lat' dir='ltr'>simili</span> <span class='ocrx_word' id='word_1_32' title='bbox 1238 1465 1350 1540; x_wconf 91' lang='lat' dir='ltr'>modo</span> <span class='ocrx_word' id='word_1_33' title='bbox 1381 1465 1525 1541; x_wconf 85' lang='lat' dir='ltr'>Autoui-</span> 
     </span>
     <span class='ocr_line' id='line_1_8' title="bbox 480 1595 1526 1708; baseline 0 -37"><span class='ocrx_word' id='word_1_34' title='bbox 480 1621 588 1674; x_wconf 90' lang='lat' dir='ltr'>auum</span> <span class='ocrx_word' id='word_1_35' title='bbox 616 1600 651 1672; x_wconf 90' lang='lat' dir='ltr'>in</span> <span class='ocrx_word' id='word_1_36' title='bbox 677 1599 808 1676; x_wconf 85' lang='lat' dir='ltr'>eadem</span> <span class='ocrx_word' id='word_1_37' title='bbox 847 1599 1036 1699; x_wconf 90' lang='lat' dir='ltr'>provincia</span> <span class='ocrx_word' id='word_1_38' title='bbox 1067 1623 1088 1674; x_wconf 93' lang='lat' dir='ltr'>a</span> <span class='ocrx_word' id='word_1_39' title='bbox 1115 1597 1191 1696; x_wconf 91' lang='lat' dir='ltr'>pari</span> <span class='ocrx_word' id='word_1_40' title='bbox 1228 1595 1416 1708; x_wconf 84' lang='lat' dir='ltr'>locatione</span> <span class='ocrx_word' id='word_1_41' title='bbox 1456 1621 1526 1696; x_wconf 87' lang='lat' dir='ltr'>per-</span> 
     </span>
    </p>

    <p class='ocr_par' dir='ltr' id='par_1_4' title="bbox 431 1720 1527 2066">
     <span class='ocr_line' id='line_1_9' title="bbox 483 1720 1156 1828; baseline 0.006 -26"><span class='ocrx_word' id='word_1_42' title='bbox 483 1734 581 1806; x_wconf 81' lang='lat' dir='ltr'>venit</span> <span class='ocrx_word' id='word_1_43' title='bbox 611 1731 678 1805; x_wconf 83' lang='lat' dir='ltr'>ad.</span> <span class='ocrx_word' id='word_1_44' title='bbox 698 1730 771 1808; x_wconf 88' lang='lat' dir='ltr'>HS.</span> <span class='ocrx_word' id='word_1_45' title='bbox 805 1720 930 1810; x_wconf 39' lang='lat' dir='ltr'>CCCC*</span> <span class='ocrx_word' id='word_1_46' title='bbox 953 1731 1156 1828; x_wconf 84' lang='lat' dir='ltr'>vectigalis.</span> 
     </span>
     <span class='ocr_line' id='line_1_10' title="bbox 514 1861 1526 1949; baseline -0.002 -23"><span class='ocrx_word' id='word_1_47' title='bbox 514 1862 566 1926; x_wconf 83' lang='lat' dir='ltr'>Sic</span> <span class='ocrx_word' id='word_1_48' title='bbox 588 1874 674 1926; x_wconf 90' lang='lat' dir='ltr'>recte</span> <span class='ocrx_word' id='word_1_49' title='bbox 703 1863 850 1927; x_wconf 90' lang='lat' dir='ltr'>soribitur</span> <span class='ocrx_word' id='word_1_50' title='bbox 871 1866 960 1929; x_wconf 85' lang='lat' dir='ltr'>loous</span> <span class='ocrx_word' id='word_1_51' title='bbox 983 1865 1097 1948; x_wconf 89' lang='lat' dir='ltr'>partim</span> <span class='ocrx_word' id='word_1_52' title='bbox 1121 1885 1140 1926; x_wconf 90' lang='lat' dir='ltr'>a</span> <span class='ocrx_word' id='word_1_53' title='bbox 1163 1863 1324 1928; x_wconf 79' lang='lat' dir='ltr'>Gronovio</span> <span class='ocrx_word' id='word_1_54' title='bbox 1358 1864 1472 1949; x_wconf 87' lang='lat' dir='ltr'>partim</span> <span class='ocrx_word' id='word_1_55' title='bbox 1491 1861 1526 1925; x_wconf 87' lang='lat' dir='ltr'>ab</span> 
     </span>
     <span class='ocr_line' id='line_1_11' title="bbox 431 1979 1527 2066; baseline -0.001 -23"><span class='ocrx_word' id='word_1_56' title='bbox 431 1979 528 2061; x_wconf 88' lang='lat' dir='ltr'>lano,</span> <span class='ocrx_word' id='word_1_57' title='bbox 562 1981 615 2066; x_wconf 94' lang='lat' dir='ltr'>qui</span> <span class='ocrx_word' id='word_1_58' title='bbox 636 2002 753 2045; x_wconf 90' lang='lat' dir='ltr'>nomen</span> <span class='ocrx_word' id='word_1_59' title='bbox 773 1982 886 2066; x_wconf 92' lang='lat' dir='ltr'>prioris</span> <span class='ocrx_word' id='word_1_60' title='bbox 910 1982 1031 2046; x_wconf 89' lang='lat' dir='ltr'>metalli</span> <span class='ocrx_word' id='word_1_61' title='bbox 1053 2003 1070 2045; x_wconf 88' lang='lat' dir='ltr'>e</span> <span class='ocrx_word' id='word_1_62' title='bbox 1092 1981 1120 2044; x_wconf 93' lang='lat' dir='ltr'><strong>B</strong></span> <span class='ocrx_word' id='word_1_63' title='bbox 1142 1982 1296 2057; x_wconf 83' lang='lat' dir='ltr'>restituit,</span> <span class='ocrx_word' id='word_1_64' title='bbox 1337 1980 1527 2058; x_wconf 77' lang='lat' dir='ltr'>emendatus,</span> 
     </span>
    </p>
   </div>
   <div class='ocr_carea' id='block_1_4' title="bbox 381 2071 1528 2184">
    <p class='ocr_par' dir='ltr' id='par_1_5' title="bbox 381 2071 1528 2184">
     <span class='ocr_line' id='line_1_12' title="bbox 381 2071 1528 2184; baseline -0.003 -23"><span class='ocrx_word' id='word_1_65' title='bbox 381 2096 385 2104; x_wconf 87' lang='grc'>’</span> <span class='ocrx_word' id='word_1_66' title='bbox 431 2098 483 2161; x_wconf 89' lang='lat' dir='ltr'>oui</span> <span class='ocrx_word' id='word_1_67' title='bbox 505 2119 566 2183; x_wconf 88' lang='lat' dir='ltr'>ego</span> <span class='ocrx_word' id='word_1_68' title='bbox 586 2119 719 2182; x_wconf 86' lang='lat' dir='ltr'>parvum</span> <span class='ocrx_word' id='word_1_69' title='bbox 742 2098 870 2184; x_wconf 82' lang='lat' dir='ltr'>aliquod</span> <span class='ocrx_word' id='word_1_70' title='bbox 885 2071 959 2162; x_wconf 46' lang='lat' dir='ltr'>‘sed</span> <span class='ocrx_word' id='word_1_71' title='bbox 983 2099 1194 2162; x_wconf 83' lang='lat' dir='ltr'>certissimum</span> <span class='ocrx_word' id='word_1_72' title='bbox 1212 2084 1339 2180; x_wconf 75' lang='lat' dir='ltr'>addidi3</span> <span class='ocrx_word' id='word_1_73' title='bbox 1373 2096 1528 2183; x_wconf 89' lang='lat' dir='ltr'>praeposi·</span> 
     </span>
    </p>
   </div>
   <div class='ocr_carea' id='block_1_5' title="bbox 347 2571 410 2639">
    <p class='ocr_par' dir='ltr' id='par_1_6' title="bbox 347 2571 410 2639">
     <span class='ocr_line' id='line_1_13' title="bbox 347 2571 410 2639; baseline -0.016 0"><span class='ocrx_word' id='word_1_74' title='bbox 347 2571 410 2639; x_wconf 80' lang='lat' dir='ltr'>too</span> 
     </span>
    </p>
   </div>
   <div class='ocr_carea' id='block_1_6' title="bbox 432 2215 1529 2301">
    <p class='ocr_par' dir='ltr' id='par_1_7' title="bbox 432 2215 1529 2301">
     <span class='ocr_line' id='line_1_14' title="bbox 432 2215 1529 2301; baseline -0.003 -23"><span class='ocrx_word' id='word_1_75' title='bbox 432 2217 550 2279; x_wconf 90' lang='lat' dir='ltr'>tionem</span> <span class='ocrx_word' id='word_1_76' title='bbox 582 2216 665 2280; x_wconf 91' lang='lat' dir='ltr'>enim</span> <span class='ocrx_word' id='word_1_77' title='bbox 689 2237 707 2277; x_wconf 86' lang='grc' dir='ltr'><em>α</em></span> <span class='ocrx_word' id='word_1_78' title='bbox 731 2216 805 2280; x_wconf 94' lang='lat' dir='ltr'>addi</span> <span class='ocrx_word' id='word_1_79' title='bbox 842 2215 992 2280; x_wconf 78' lang='lat' dir='ltr'>debuisse</span> <span class='ocrx_word' id='word_1_80' title='bbox 1022 2216 1259 2301; x_wconf 86' lang='lat' dir='ltr'>comparatione</span> <span class='ocrx_word' id='word_1_81' title='bbox 1293 2215 1430 2279; x_wconf 81' lang='lat' dir='ltr'>efficitur</span> <span class='ocrx_word' id='word_1_82' title='bbox 1455 2215 1529 2278; x_wconf 87' lang='lat' dir='ltr'>inter</span> 
     </span>
    </p>
   </div>
   <div class='ocr_carea' id='block_1_7' title="bbox 430 2332 1527 2514">
    <p class='ocr_par' dir='ltr' id='par_1_8' title="bbox 430 2332 1527 2514">
     <span class='ocr_line' id='line_1_15' title="bbox 431 2332 1527 2419; baseline -0.002 -24"><span class='ocrx_word' id='word_1_83' title='bbox 431 2333 568 2418; x_wconf 88' lang='lat' dir='ltr'>priorem</span> <span class='ocrx_word' id='word_1_84' title='bbox 582 2332 713 2396; x_wconf 88' lang='lat' dir='ltr'>alterius</span> <span class='ocrx_word' id='word_1_85' title='bbox 723 2334 843 2398; x_wconf 90' lang='lat' dir='ltr'>metalli</span> <span class='ocrx_word' id='word_1_86' title='bbox 856 2333 1048 2397; x_wconf 80' lang='lat' dir='ltr'>locationem</span> <span class='ocrx_word' id='word_1_87' title='bbox 1064 2354 1199 2419; x_wconf 90' lang='lat' dir='ltr'>eamque</span> <span class='ocrx_word' id='word_1_88' title='bbox 1217 2353 1299 2418; x_wconf 88' lang='lat' dir='ltr'>quae</span> <span class='ocrx_word' id='word_1_89' title='bbox 1314 2333 1409 2396; x_wconf 87' lang='lat' dir='ltr'>Plinii</span> <span class='ocrx_word' id='word_1_90' title='bbox 1431 2337 1527 2396; x_wconf 85' lang='lat' dir='ltr'>aetate</span> 
     </span>
     <span class='ocr_line' id='line_1_16' title="bbox 430 2449 591 2514; baseline 0 -2"><span class='ocrx_word' id='word_1_91' title='bbox 430 2449 517 2513; x_wconf 86' lang='lat' dir='ltr'>faeta</span> <span class='ocrx_word' id='word_1_92' title='bbox 533 2457 591 2514; x_wconf 88' lang='lat' dir='ltr'>est.</span> 
     </span>
    </p>
   </div>
   <div class='ocr_carea' id='block_1_8' title="bbox 476 2585 1529 2818">
    <p class='ocr_par' dir='ltr' id='par_1_9' title="bbox 476 2585 1529 2818">
     <span class='ocr_line' id='line_1_17' title="bbox 698 2585 1259 2685; baseline 0.004 -25"><span class='ocrx_word' id='word_1_93' title='bbox 698 2589 767 2662; x_wconf 73' lang='grc'><strong>167</strong></span> <span class='ocrx_word' id='word_1_94' title='bbox 783 2590 962 2676; x_wconf 83' lang='lat'><strong>=18‚50.</strong></span> <span class='ocrx_word' id='word_1_95' title='bbox 995 2586 1061 2679; x_wconf 87' lang='lat' dir='ltr'>(de</span> <span class='ocrx_word' id='word_1_96' title='bbox 1087 2585 1259 2685; x_wconf 86' lang='lat' dir='ltr'>plumbo)</span> 
     </span>
     <span class='ocr_line' id='line_1_18' title="bbox 476 2715 1529 2818; baseline -0.006 -22"><span class='ocrx_word' id='word_1_97' title='bbox 476 2717 654 2816; x_wconf 81' lang='lat' dir='ltr'>Coquitur</span> <span class='ocrx_word' id='word_1_98' title='bbox 684 2761 724 2785; x_wconf 54' lang='lat'><strong>„</strong></span> <span class='ocrx_word' id='word_1_99' title='bbox 749 2718 883 2818; x_wconf 90' lang='lat' dir='ltr'>patinis</span> <span class='ocrx_word' id='word_1_100' title='bbox 911 2716 1099 2807; x_wconf 84' lang='lat' dir='ltr'>fictilibus,</span> <span class='ocrx_word' id='word_1_101' title='bbox 1140 2717 1326 2794; x_wconf 90' lang='lat' dir='ltr'>substrato</span> <span class='ocrx_word' id='word_1_102' title='bbox 1358 2715 1529 2816; x_wconf 82' lang='lat' dir='ltr'>sulphure</span> 
     </span>
    </p>
   </div>
   <div class='ocr_carea' id='block_1_9' title="bbox 351 2847 1537 3589">
    <p class='ocr_par' dir='ltr' id='par_1_10' title="bbox 351 2847 1537 3589">
     <span class='ocr_line' id='line_1_19' title="bbox 479 2847 1532 2951; baseline -0.003 -25"><span class='ocrx_word' id='word_1_103' title='bbox 479 2852 628 2941; x_wconf 90' lang='lat' dir='ltr'>minuto,</span> <span class='ocrx_word' id='word_1_104' title='bbox 656 2850 786 2927; x_wconf 91' lang='lat' dir='ltr'>lamnis</span> <span class='ocrx_word' id='word_1_105' title='bbox 812 2851 993 2951; x_wconf 82' lang='lat' dir='ltr'>impositis</span> <span class='ocrx_word' id='word_1_106' title='bbox 1019 2851 1192 2926; x_wconf 88' lang='lat' dir='ltr'>tenuibus</span> <span class='ocrx_word' id='word_1_107' title='bbox 1220 2850 1435 2950; x_wconf 87' lang='lat' dir='ltr'>opertisque</span> <span class='ocrx_word' id='word_1_108' title='bbox 1463 2847 1532 2925; x_wconf 92' lang='lat' dir='ltr'>sul-</span> 
     </span>
     <span class='ocr_line' id='line_1_20' title="bbox 351 2957 1534 3084; baseline -0.003 -26"><span class='ocrx_word' id='word_1_109' title='bbox 351 2957 355 2965; x_wconf 31' lang='lat'><em>*</em></span> <span class='ocrx_word' id='word_1_110' title='bbox 479 2983 596 3083; x_wconf 91' lang='lat' dir='ltr'>phure</span> <span class='ocrx_word' id='word_1_111' title='bbox 623 2991 660 3059; x_wconf 90' lang='lat' dir='ltr'>et</span> <span class='ocrx_word' id='word_1_112' title='bbox 684 2984 780 3060; x_wconf 87' lang='lat' dir='ltr'>ferro</span> <span class='ocrx_word' id='word_1_113' title='bbox 809 2983 942 3060; x_wconf 86' lang='lat' dir='ltr'>mixtis.</span> <span class='ocrx_word' id='word_1_114' title='bbox 961 2981 1073 3084; x_wconf 69' lang='lat' dir='ltr'>[Cum</span> <span class='ocrx_word' id='word_1_115' title='bbox 1101 2989 1309 3084; x_wconf 81' lang='lat' dir='ltr'>coquatur],</span> <span class='ocrx_word' id='word_1_116' title='bbox 1337 2981 1534 3057; x_wconf 88' lang='lat' dir='ltr'>munienda</span> 
     </span>
     <span class='ocr_line' id='line_1_21' title="bbox 403 3113 1535 3215; baseline -0.002 -27"><span class='ocrx_word' id='word_1_117' title='bbox 403 3175 407 3181; x_wconf 88' lang='lat'>.</span> <span class='ocrx_word' id='word_1_118' title='bbox 478 3116 515 3189; x_wconf 91' lang='lat' dir='ltr'>in</span> <span class='ocrx_word' id='word_1_119' title='bbox 543 3138 588 3192; x_wconf 88' lang='lat' dir='ltr'>eo</span> <span class='ocrx_word' id='word_1_120' title='bbox 617 3139 730 3214; x_wconf 89' lang='lat' dir='ltr'>opere</span> <span class='ocrx_word' id='word_1_121' title='bbox 767 3115 944 3192; x_wconf 87' lang='lat' dir='ltr'>foramina</span> <span class='ocrx_word' id='word_1_122' title='bbox 972 3117 1121 3215; x_wconf 91' lang='lat' dir='ltr'>spiritus</span> <span class='ocrx_word' id='word_1_123' title='bbox 1160 3114 1359 3207; x_wconf 90' lang='lat' dir='ltr'>couvenit;</span> <span class='ocrx_word' id='word_1_124' title='bbox 1399 3113 1535 3212; x_wconf 83' lang='lat' dir='ltr'>alioqui</span> 
     </span>
     <span class='ocr_line' id='line_1_22' title="bbox 478 3246 1536 3351; baseline -0.002 -29"><span class='ocrx_word' id='word_1_125' title='bbox 478 3247 617 3345; x_wconf 89' lang='lat' dir='ltr'>plumbi</span> <span class='ocrx_word' id='word_1_126' title='bbox 662 3247 888 3351; x_wconf 81' lang='lat' dir='ltr'>[fornacium]</span> <span class='ocrx_word' id='word_1_127' title='bbox 935 3247 1070 3324; x_wconf 90' lang='lat' dir='ltr'>halitus</span> <span class='ocrx_word' id='word_1_128' title='bbox 1121 3247 1256 3324; x_wconf 88' lang='lat' dir='ltr'>noxius</span> <span class='ocrx_word' id='word_1_129' title='bbox 1295 3246 1452 3324; x_wconf 88' lang='lat' dir='ltr'>sentitur</span> <span class='ocrx_word' id='word_1_130' title='bbox 1503 3255 1536 3321; x_wconf 88' lang='lat' dir='ltr'>et</span> 
     </span>
     <span class='ocr_line' id='line_1_23' title="bbox 478 3377 1537 3478; baseline 0.001 -24"><span class='ocrx_word' id='word_1_131' title='bbox 478 3377 657 3478; x_wconf 80' lang='lat' dir='ltr'>pestilens</span> <span class='ocrx_word' id='word_1_132' title='bbox 683 3388 720 3456; x_wconf 91' lang='lat' dir='ltr'>et</span> <span class='ocrx_word' id='word_1_133' title='bbox 746 3382 899 3458; x_wconf 89' lang='lat' dir='ltr'>canibus</span> <span class='ocrx_word' id='word_1_134' title='bbox 927 3381 1120 3471; x_wconf 91' lang='lat' dir='ltr'>ocissime,</span> <span class='ocrx_word' id='word_1_135' title='bbox 1155 3379 1317 3456; x_wconf 91' lang='lat' dir='ltr'>omnium</span> <span class='ocrx_word' id='word_1_136' title='bbox 1343 3402 1435 3457; x_wconf 89' lang='lat' dir='ltr'>vero</span> <span class='ocrx_word' id='word_1_137' title='bbox 1463 3403 1537 3456; x_wconf 88' lang='lat' dir='ltr'>me-</span> 
     </span>
     <span class='ocr_line' id='line_1_24' title="bbox 383 3510 1091 3589; baseline 0.006 -4"><span class='ocrx_word' id='word_1_138' title='bbox 383 3552 386 3565; x_wconf 57' lang='lat'>1</span> <span class='ocrx_word' id='word_1_139' title='bbox 476 3510 646 3588; x_wconf 90' lang='lat' dir='ltr'>tallorum</span> <span class='ocrx_word' id='word_1_140' title='bbox 673 3512 810 3588; x_wconf 92' lang='lat' dir='ltr'>muscis</span> <span class='ocrx_word' id='word_1_141' title='bbox 837 3520 873 3588; x_wconf 90' lang='lat' dir='ltr'>et</span> <span class='ocrx_word' id='word_1_142' title='bbox 900 3513 1091 3589; x_wconf 80' lang='lat' dir='ltr'>culicibus</span> 
     </span>
    </p>
   </div>
   <div class='ocr_carea' id='block_1_10' title="bbox 427 3643 1535 4898">
    <p class='ocr_par' dir='ltr' id='par_1_11' title="bbox 427 3643 1535 4898">
     <span class='ocr_line' id='line_1_25' title="bbox 511 3643 1535 3730; baseline 0 -22"><span class='ocrx_word' id='word_1_143' title='bbox 511 3645 619 3709; x_wconf 88' lang='lat' dir='ltr'>Verba</span> <span class='ocrx_word' id='word_1_144' title='bbox 641 3665 723 3725; x_wconf 85' lang='lat' dir='ltr'>‚oum</span> <span class='ocrx_word' id='word_1_145' title='bbox 747 3648 911 3730; x_wconf 84' lang='lat' dir='ltr'>coquatur‘</span> <span class='ocrx_word' id='word_1_146' title='bbox 935 3651 989 3709; x_wconf 92' lang='lat' dir='ltr'>aut</span> <span class='ocrx_word' id='word_1_147' title='bbox 1011 3665 1082 3709; x_wconf 88' lang='lat' dir='ltr'>oum</span> <span class='ocrx_word' id='word_1_148' title='bbox 1100 3643 1367 3730; x_wconf 78' lang='lat' dir='ltr'>praecedentibus</span> <span class='ocrx_word' id='word_1_149' title='bbox 1385 3645 1535 3730; x_wconf 85' lang='lat' dir='ltr'>coniungi</span> 
     </span>
     <span class='ocr_line' id='line_1_26' title="bbox 430 3760 1534 3849; baseline -0.002 -22"><span class='ocrx_word' id='word_1_150' title='bbox 430 3771 566 3849; x_wconf 77' lang='lat' dir='ltr'>oportet,</span> <span class='ocrx_word' id='word_1_151' title='bbox 585 3770 628 3836; x_wconf 89' lang='lat' dir='ltr'>ut,</span> <span class='ocrx_word' id='word_1_152' title='bbox 653 3763 728 3828; x_wconf 92' lang='lat' dir='ltr'>dum</span> <span class='ocrx_word' id='word_1_153' title='bbox 751 3769 907 3847; x_wconf 86' lang='lat' dir='ltr'>coquatur</span> <span class='ocrx_word' id='word_1_154' title='bbox 927 3762 1103 3847; x_wconf 87' lang='lat' dir='ltr'>plumbum,</span> <span class='ocrx_word' id='word_1_155' title='bbox 1126 3763 1209 3826; x_wconf 89' lang='lat' dir='ltr'>ferro</span> <span class='ocrx_word' id='word_1_156' title='bbox 1227 3760 1423 3826; x_wconf 84' lang='lat' dir='ltr'>versandum</span> <span class='ocrx_word' id='word_1_157' title='bbox 1448 3762 1486 3846; x_wconf 89' lang='lat' dir='ltr'>(i.</span> <span class='ocrx_word' id='word_1_158' title='bbox 1509 3783 1534 3826; x_wconf 89' lang='lat' dir='ltr'>e.</span> 
     </span>
     <span class='ocr_line' id='line_1_27' title="bbox 429 3879 1534 3966; baseline -0.001 -22"><span class='ocrx_word' id='word_1_159' title='bbox 429 3883 572 3960; x_wconf 80' lang='lat' dir='ltr'>,mixtis‘)</span> <span class='ocrx_word' id='word_1_160' title='bbox 596 3902 667 3945; x_wconf 89' lang='lat' dir='ltr'>esse</span> <span class='ocrx_word' id='word_1_161' title='bbox 689 3882 919 3966; x_wconf 81' lang='lat' dir='ltr'>praecipiatur,</span> <span class='ocrx_word' id='word_1_162' title='bbox 948 3886 1003 3948; x_wconf 91' lang='lat' dir='ltr'>aut</span> <span class='ocrx_word' id='word_1_163' title='bbox 1025 3879 1110 3965; x_wconf 92' lang='lat' dir='ltr'>quod</span> <span class='ocrx_word' id='word_1_164' title='bbox 1132 3880 1241 3944; x_wconf 91' lang='lat' dir='ltr'>malim</span> <span class='ocrx_word' id='word_1_165' title='bbox 1273 3879 1372 3942; x_wconf 88' lang='lat' dir='ltr'>deleri</span> <span class='ocrx_word' id='word_1_166' title='bbox 1395 3880 1534 3963; x_wconf 82' lang='lat' dir='ltr'>glossam</span> 
     </span>
     <span class='ocr_line' id='line_1_28' title="bbox 428 3969 1533 4084; baseline 0.002 -26"><span class='ocrx_word' id='word_1_167' title='bbox 428 3997 612 4061; x_wconf 86' lang='lat' dir='ltr'>verborum:</span> <span class='ocrx_word' id='word_1_168' title='bbox 636 4000 679 4079; x_wconf 86' lang='lat' dir='ltr'>,in</span> <span class='ocrx_word' id='word_1_169' title='bbox 696 3969 854 4083; x_wconf 43' lang='lat' dir='ltr'>colopera‘</span> <span class='ocrx_word' id='word_1_170' title='bbox 877 3999 1013 4084; x_wconf 89' lang='lat' dir='ltr'>margini</span> <span class='ocrx_word' id='word_1_171' title='bbox 1033 3997 1236 4082; x_wconf 85' lang='lat' dir='ltr'>adscriptam.</span> <span class='ocrx_word' id='word_1_172' title='bbox 1262 3997 1385 4060; x_wconf 86' lang='lat' dir='ltr'>Deinde</span> <span class='ocrx_word' id='word_1_173' title='bbox 1408 3997 1442 4060; x_wconf 86' lang='lat' dir='ltr'>in</span> <span class='ocrx_word' id='word_1_174' title='bbox 1466 4017 1533 4081; x_wconf 90' lang='lat' dir='ltr'>pro·</span> 
     </span>
     <span class='ocr_line' id='line_1_29' title="bbox 427 4114 1533 4199; baseline -0.001 -22"><span class='ocrx_word' id='word_1_175' title='bbox 427 4116 513 4178; x_wconf 83' lang='lat' dir='ltr'>ximo</span> <span class='ocrx_word' id='word_1_176' title='bbox 537 4134 634 4176; x_wconf 89' lang='lat' dir='ltr'>sensu</span> <span class='ocrx_word' id='word_1_177' title='bbox 656 4114 1214 4199; x_wconf 70' lang='grc' dir='ltr'>(1111(111111111,10111111111111111111ι</span> <span class='ocrx_word' id='word_1_178' title='bbox 1236 4114 1404 4198; x_wconf 87' lang='lat' dir='ltr'>ignorasse</span> <span class='ocrx_word' id='word_1_179' title='bbox 1427 4114 1533 4178; x_wconf 87' lang='lat' dir='ltr'>viden·</span> 
     </span>
     <span class='ocr_line' id='line_1_30' title="bbox 428 4229 1533 4317; baseline 0.002 -23"><span class='ocrx_word' id='word_1_180' title='bbox 428 4239 479 4294; x_wconf 89' lang='lat' dir='ltr'>tur</span> <span class='ocrx_word' id='word_1_181' title='bbox 508 4229 639 4294; x_wconf 87' lang='lat' dir='ltr'>librarii.</span> <span class='ocrx_word' id='word_1_182' title='bbox 682 4231 724 4295; x_wconf 81' lang='lat' dir='ltr'>m</span> <span class='ocrx_word' id='word_1_183' title='bbox 766 4240 841 4296; x_wconf 87' lang='lat' dir='ltr'>sunt</span> <span class='ocrx_word' id='word_1_184' title='bbox 884 4254 943 4296; x_wconf 87' lang='lat' dir='ltr'>eae</span> <span class='ocrx_word' id='word_1_185' title='bbox 966 4232 1093 4317; x_wconf 90' lang='lat' dir='ltr'>quidam</span> <span class='ocrx_word' id='word_1_186' title='bbox 1116 4252 1230 4312; x_wconf 82' lang='lat' dir='ltr'>nares,</span> <span class='ocrx_word' id='word_1_187' title='bbox 1272 4253 1346 4294; x_wconf 91' lang='lat' dir='ltr'>nam</span> <span class='ocrx_word' id='word_1_188' title='bbox 1381 4229 1533 4316; x_wconf 74' lang='grc' dir='ltr'><strong><em>ἀναιροῦ,</em></strong></span> 
     </span>
     <span class='ocr_line' id='line_1_31' title="bbox 428 4321 1532 4432; baseline -0.002 -20"><span class='ocrx_word' id='word_1_189' title='bbox 428 4346 634 4412; x_wconf 87' lang='lat' dir='ltr'>Dioscorides</span> <span class='ocrx_word' id='word_1_190' title='bbox 657 4348 701 4410; x_wconf 90' lang='lat' dir='ltr'>ait</span> <span class='ocrx_word' id='word_1_191' title='bbox 723 4347 762 4410; x_wconf 89' lang='lat' dir='ltr'>V.</span> <span class='ocrx_word' id='word_1_192' title='bbox 786 4349 827 4415; x_wconf 83' lang='lat'>96</span> <span class='ocrx_word' id='word_1_193' title='bbox 859 4350 1028 4426; x_wconf 65' lang='grc' dir='ltr'><strong><em>σκεπάσας</em></strong></span> <span class='ocrx_word' id='word_1_194' title='bbox 1055 4349 1132 4424; x_wconf 76' lang='grc' dir='ltr'>τούς</span> <span class='ocrx_word' id='word_1_195' title='bbox 1163 4345 1342 4432; x_wconf 69' lang='grc' dir='ltr'><em>ῥώθωνας,</em></span> <span class='ocrx_word' id='word_1_196' title='bbox 1377 4321 1532 4432; x_wconf 73' lang='lat' dir='ltr'>gramma-</span> 
     </span>
     <span class='ocr_line' id='line_1_32' title="bbox 427 4465 1531 4550; baseline -0.004 -18"><span class='ocrx_word' id='word_1_197' title='bbox 427 4467 509 4534; x_wconf 88' lang='lat' dir='ltr'>tious</span> <span class='ocrx_word' id='word_1_198' title='bbox 533 4473 640 4529; x_wconf 90' lang='lat' dir='ltr'>autem</span> <span class='ocrx_word' id='word_1_199' title='bbox 674 4465 727 4529; x_wconf 89' lang='lat' dir='ltr'>ille</span> <span class='ocrx_word' id='word_1_200' title='bbox 750 4466 804 4550; x_wconf 91' lang='lat' dir='ltr'>qui</span> <span class='ocrx_word' id='word_1_201' title='bbox 825 4467 919 4530; x_wconf 90' lang='lat' dir='ltr'>Plinii</span> <span class='ocrx_word' id='word_1_202' title='bbox 942 4466 1039 4530; x_wconf 89' lang='lat' dir='ltr'>libros</span> <span class='ocrx_word' id='word_1_203' title='bbox 1073 4465 1201 4530; x_wconf 87' lang='lat' dir='ltr'>saeculo</span> <span class='ocrx_word' id='word_1_204' title='bbox 1230 4475 1342 4550; x_wconf 88' lang='lat' dir='ltr'>quarto</span> <span class='ocrx_word' id='word_1_205' title='bbox 1376 4473 1411 4528; x_wconf 89' lang='lat' dir='ltr'>ut</span> <span class='ocrx_word' id='word_1_206' title='bbox 1433 4465 1531 4549; x_wconf 88' lang='lat' dir='ltr'>potuit</span> 
     </span>
     <span class='ocr_line' id='line_1_33' title="bbox 428 4583 1530 4665; baseline -0.003 -18"><span class='ocrx_word' id='word_1_207' title='bbox 428 4583 610 4647; x_wconf 86' lang='lat' dir='ltr'>emendavit</span> <span class='ocrx_word' id='word_1_208' title='bbox 629 4587 803 4655; x_wconf 63' lang='lat' dir='ltr'>fortunatum</span> <span class='ocrx_word' id='word_1_209' title='bbox 834 4583 868 4642; x_wconf 89' lang='lat' dir='ltr'>in</span> <span class='ocrx_word' id='word_1_210' title='bbox 888 4583 1034 4664; x_wconf 85' lang='lat' dir='ltr'>margine</span> <span class='ocrx_word' id='word_1_211' title='bbox 1059 4583 1273 4665; x_wconf 86' lang='lat' dir='ltr'>explicuerat,</span> <span class='ocrx_word' id='word_1_212' title='bbox 1306 4601 1403 4664; x_wconf 86' lang='lat' dir='ltr'>quam</span> <span class='ocrx_word' id='word_1_213' title='bbox 1427 4602 1530 4646; x_wconf 81' lang='lat' dir='ltr'>vocem</span> 
     </span>
     <span class='ocr_line' id='line_1_34' title="bbox 427 4696 1530 4782; baseline 0.001 -21"><span class='ocrx_word' id='word_1_214' title='bbox 427 4705 542 4780; x_wconf 85' lang='lat' dir='ltr'>postea</span> <span class='ocrx_word' id='word_1_215' title='bbox 561 4697 646 4758; x_wconf 89' lang='lat' dir='ltr'>male</span> <span class='ocrx_word' id='word_1_216' title='bbox 666 4697 699 4758; x_wconf 91' lang='lat' dir='ltr'>in</span> <span class='ocrx_word' id='word_1_217' title='bbox 721 4696 885 4776; x_wconf 76' lang='lat' dir='ltr'>scriptoris</span> <span class='ocrx_word' id='word_1_218' title='bbox 908 4696 1086 4758; x_wconf 87' lang='lat' dir='ltr'>orationem</span> <span class='ocrx_word' id='word_1_219' title='bbox 1107 4699 1275 4779; x_wconf 87' lang='lat' dir='ltr'>irrepsisse</span> <span class='ocrx_word' id='word_1_220' title='bbox 1297 4707 1442 4782; x_wconf 88' lang='lat' dir='ltr'>apparet.</span> <span class='ocrx_word' id='word_1_221' title='bbox 1474 4699 1530 4764; x_wconf 88' lang='lat' dir='ltr'>Ne·</span> 
     </span>
     <span class='ocr_line' id='line_1_35' title="bbox 427 4807 1530 4898; baseline 0.007 -27"><span class='ocrx_word' id='word_1_222' title='bbox 427 4828 489 4898; x_wconf 88' lang='lat' dir='ltr'>que</span> <span class='ocrx_word' id='word_1_223' title='bbox 512 4808 596 4870; x_wconf 92' lang='lat' dir='ltr'>enim</span> <span class='ocrx_word' id='word_1_224' title='bbox 617 4807 795 4893; x_wconf 78' lang='lat' dir='ltr'>fornacium</span> <span class='ocrx_word' id='word_1_225' title='bbox 817 4807 876 4868; x_wconf 87' lang='lat' dir='ltr'>sed</span> <span class='ocrx_word' id='word_1_226' title='bbox 897 4808 998 4892; x_wconf 90' lang='lat' dir='ltr'>ipsius</span> <span class='ocrx_word' id='word_1_227' title='bbox 1016 4810 1139 4874; x_wconf 87' lang='lat' dir='ltr'>metalli</span> <span class='ocrx_word' id='word_1_228' title='bbox 1159 4813 1293 4878; x_wconf 87' lang='lat' dir='ltr'>halitum</span> <span class='ocrx_word' id='word_1_229' title='bbox 1310 4816 1442 4880; x_wconf 85' lang='lat' dir='ltr'>noxium</span> <span class='ocrx_word' id='word_1_230' title='bbox 1465 4835 1530 4879; x_wconf 87' lang='lat' dir='ltr'>esso</span> 
     </span>
    </p>
   </div>
   <div class='ocr_carea' id='block_1_11' title="bbox 0 0 1788 5559">
    <p class='ocr_par' dir='ltr' id='par_1_12' title="bbox 0 0 1788 5559">
     <span class='ocr_line' id='line_1_36' title="bbox 0 0 1788 5559; baseline 0 0"><span class='ocrx_word' id='word_1_231' title='bbox 0 0 1788 5559; x_wconf 95' lang='lat' dir='ltr'> </span> 
     </span>
    </p>
   </div>
  </div>
 </body>
</html>
