3567 5559
466 529 528 597 ¹²⁸
902 531 1002 602 uso
1022 530 1136 604 nn.
1243 511 1247 520 '

550 714 673 784 Verius
698 717 882 784 lectionum
907 717 1152 806 discrepantias
1183 739 1276 808 quae
1304 719 1395 806 aputl
1419 717 1547 802 Silllglun

465 833 642 922 diligenter
663 845 879 902 enumeratae
904 838 1134 922 reperiuntur,
1164 839 1297 908 omitto.
1347 838 1430 903 Nam
1448 836 1477 900 in
1494 834 1548 900 uni-

465 977 600 1026 versum
621 966 714 1022 reete
732 954 815 1022 a'V.
828 954 867 1022 I).
887 956 1000 1024 locum
1023 958 1238 1024 constitutum
1267 975 1353 1023 esse
1383 975 1423 1019 eo
1445 970 1550 1038 quoque

466 1047 713 1160 comprobatur,
738 1073 826 1158 quod
852 1073 951 1138 etiarn
977 1075 1011 1144 in
1035 1073 1174 1139 Barbari
1196 1085 1228 1138 et
1254 1072 1391 1139 Gelenii
1412 1068 1551 1136 sollcitos

466 1209 508 1257 ea
529 1189 650 1255 Ineuna
668 1210 735 1254 non
756 1188 862 1254 luisse
884 1190 1032 1277 putanda
1052 1203 1104 1256 est
1122 1212 1188 1276 qua
1200 1190 1362 1278 plerique
1380 1208 1485 1254 eorum
1501 1183 1551 1268 qui·

464 1309 528 1375 bus
552 1306 700 1392 Silligius
721 1306 841 1384 utitur,
872 1306 978 1372 verba
1005 1303 1102 1372 libros
1126 1305 1303 1371 duodecim
1328 1303 1432 1392 fuisse
1458 1296 1553 1368 onisc-

464 1440 551 1496 rnnt.
610 1427 797 1494 Genitivum
827 1445 909 1493 vero
944 1445 1061 1492 casum
1093 1425 1321 1506 decretorum,
1351 1424 1398 1488 itn
1429 1433 1461 1486 nt
1488 1435 1553 1482 nuno

463 1547 569 1614 rerba
590 1545 687 1611 Plinii
708 1547 875 1632 leguntur,
897 1545 1057 1634 eprIeari
1079 1568 1145 1613 non
1167 1568 1272 1632 posse
1296 1553 1455 1631 apparet.
1486 1539 1551 1612 Qua·

463 1675 602 1751 propter
627 1685 727 1752 quum
755 1663 791 1728 in
815 1662 892 1729 cod.
916 1663 950 1729 R
972 1683 1130 1731 numerus
1158 1675 1284 1730 tantum
1314 1661 1413 1728 XIIII
1438 1658 1552 1741 scriptus

464 1793 591 1864 exstet,
611 1781 766 1848 Tuditani
786 1781 903 1849 librum
930 1802 952 1849 a
974 1779 1079 1852 PIInIo
1100 1763 1166 1850 non
1193 1782 1304 1851 luisse
1328 1782 1501 1848 iudicatum
1519 1774 1551 1839 le·

465 1903 677 1992 gentiumque
691 1923 771 1970 esse
788 1903 928 1972 coniicio
949 1903 1205 1999 quatuordeeim.
1244 1894 1552 1970 DifferentIameoiu

464 2035 563 2110 quatu
574 2015 662 2088 Piso
682 2022 769 2089 inter
788 2021 893 2091 libros
914 1997 1103 2109 pontificios
1122 2035 1159 2091 ‘et
1180 2017 1437 2110 Pythagoricos
1456 2012 1550 2085 statuis

462 2139 648 2207 Tuditanus
665 2159 732 2206 uon
752 2138 884 2205 videtur
905 2141 1097 2227 agnovisse.
1140 2111 1362 2209 Ceterom're
1375 2122 1551 2203 veraXXlV

1596 2034 1601 2120 l

462 2257 547 2323 libro
575 2275 597 2322 a
625 2253 761 2322 Valerio
790 2255 927 2322 Antiate
956 2267 1150 2324 numeratos
1177 2278 1257 2325 esse
1286 2252 1461 2325 Plutarchi
1483 2241 1549 2312 testi·
1597 2295 1598 2312 2

462 2376 572 2446 monio
598 2375 696 2440 Num.
718 2373 769 2440 22.
799 2373 1048 2462 comprobatur.¹
1099 2371 1215 2465 Itaque
1242 2377 1363 2444 Liuius
1392 2391 1456 2438 non
1483 2365 1548 2429 Iuno
1595 2373 1596 2394 ³

465 2501 636 2561 auctorem
656 2492 797 2561 secutus
817 2493 850 2560 in
872 2494 1066 2562 universum
1086 2495 1164 2562 XIV
1188 2515 1392 2565 numerasse
1412 2481 1549 2576 putandus

466 2624 530 2698 est,
551 2610 828 2701 quemadmodum
851 2607 1091 2680 Lachmannus
1111 2613 1165 2680 De
1186 2615 1300 2684 fontib.
1314 2612 1405 2682 Livii
1418 2607 1456 2673 V.
1475 2593 1547 2688 pil.

465 2735 589 2799 statuit.
611 2731 768 2799 Pisonem
780 2731 937 2810 dicerem,
950 2731 1014 2796 nisi
1025 2730 1055 2797 is
1071 2751 1201 2818 quoque
1213 2728 1460 2818 Pythagoricos
1469 2719 1547 2786 libros
1598 2709 1601 2750 f

463 2849 572 2916 fuisse
584 2827 785 2929 addidisset
799 2847 888 2937 quod
900 2847 1014 2914 Livius
1035 2849 1125 2934 apud
1147 2848 1266 2932 solum,
1287 2862 1325 2916 ut
1345 2847 1482 2919 videtur,
1499 2833 1547 2898 AI

464 2971 578 3036 tiatem
598 2966 738 3054 legerat.

513 3088 611 3164 idem
640 3094 702 3178 (nt
723 3114 828 3180 porro
852 3093 995 3179 Pontus)
1022 3082 1132 3159 tertio
1154 3081 1269 3183 ponit,
1296 3110 1386 3184 quo
1410 3058 1545 3156 conburi

518 3247 584 3298 eos
612 3219 805 3321 placuerit.
878 3315 883 3322 .

480 3372 483 3380 ’
547 3353 639 3420 Satis
660 3353 773 3419 mirari
793 3371 938 3439 nequeo,
959 3351 1081 3419 nemini
1101 3351 1211 3420 adhue
1231 3372 1351 3419 vocem
1371 3370 1437 3448 ’φιο
1456 3329 1546 3420 displ'e

463 3470 589 3549 euisse,
618 3488 705 3557 qnae
728 3490 886 3554 quorsum
909 3470 1088 3536 referenda
1112 3474 1172 3551 sit,
1204 3493 1248 3540 ne
1275 3469 1417 3559 cogitari
1441 3457 1545 3553 quidem

462 3595 587 3674 potest.¹
632 3585 734 3670 Atqui
764 3574 888 3671 aliquid
918 3584 1042 3650 deesse
1064 3587 1232 3672 scriptura
1267 3592 1379 3657 tertios
1408 3581 1544 3654 iudicatu

462 3726 549 3795 quae
569 3705 603 3770 In
625 3705 721 3772 codd.
743 3703 807 3771 ad
830 3702 1007 3789 reperitur,
1027 3695 1136 3790 neque
1156 3725 1244 3792 opus
1266 3721 1319 3772 est
1340 3719 1377 3774 ut
1397 3699 1470 3794 quid
1487 3707 1546 3772 sup·

462 3822 620 3916 pleniluni
638 3823 808 3908 videatur,
837 3822 892 3889 diu
913 3839 1141 3912 quaeramus,
1173 3843 1273 3910 quum
1294 3827 1371 3896 cod.
1392 3826 1424 3893 R
1444 3813 1543 3884 uscue

462 3948 592 4014 scribat
612 3947 708 4011 tertio
720 3954 762 4008 -ct
780 3965 841 4010 ec.
849 3945 944 4030 ponit
963 3944 1023 4010 ie
1045 3935 1168 4022 ‚tertio
1179 3944 1368 4013 etSenatus
1383 3933 1543 4013 consultum

461 4068 601 4150 pouit“,
622 4064 714 4148 qaod
736 4083 756 4128 e
776 4061 915 4129 Valerio
929 4061 1044 4130 Livius
1068 4063 1311 4148 transscripsit.
1354 4056 1543 4131 Manifestum
1596 4098 1599 4107 ,

462 4191 516 4255 tsi
543 4181 658 4268 igitur,
685 4179 803 4265 librum
830 4176 1023 4260 secundum!
1041 4179 1168 4244 Valerii
1196 4179 1229 4248 in
1252 4179 1384 4248 Numae
1408 4181 1502 4247 morte
1518 4163 1542 4222 el

462 4294 634 4381 sepultura
655 4293 808 4375 desiisse,
830 4292 918 4357 tertii
937 4291 1061 4357 initium
1073 4312 1102 4358 -a
1124 4295 1262 4362 mirabili
1283 4297 1438 4366 librorum
1457 4275 1541 4380 ptfd'l

462 4384 570 4483 toruui
590 4412 781 4477 Inventione
800 4408 925 4504 facturn
947 4428 1036 4476 esse.
1082 4411 1149 4476 Iam
1171 4434 1253 4484 vero
1276 4438 1319 4484 en
1341 4419 1458 4496 verba,
1476 4408 1541 4493 quat

464 4535 588 4602 Plinius
608 4529 739 4600 vitetur
760 4529 958 4617 scripsisse:
1099 4523 1104 4534 '

1593 4558 1597 4613 l

1594 4616 1596 4641 i
