3567 5559
736 700 825 774 {tna
844 700 1016 766 mur.
1364 695 1426 768 tet
1481 667 1484 672 “

290 896 412 965 adzv.
434 896 506 979 ‚rei‘
528 895 765 973 haurientem.
789 888 928 962 Facilius
956 900 1065 960 tumen
1081 900 1114 958 et
1135 891 1426 979 proptereiusdem

290 1013 648 1100 praepositionum
669 1013 822 1079 viciniam
833 1013 966 1078 similior
987 1012 1056 1076 veri
1077 1031 1116 1076 ea
1134 1011 1316 1078 deuectum
1337 1009 1425 1076 vide·

293 1138 369 1198 ω
390 1153 473 1214 erse,
495 1149 560 1217 qus
580 1137 770 1199 adimemus
800 1130 834 1196 in
856 1137 1084 1197 transmittentes
1105 1128 1329 1215 corrigendum
1350 1150 1425 1214 pro·-

298 1269 414 1334 pono.
457 1248 496 1313 In
517 1250 664 1336 proxima
684 1249 829 1315 sectione
848 1249 947 1314 Ianus
968 1248 1051 1314 bene
1072 1247 1235 1332 vulgatam
1255 1246 1425 1312 lectionem

297 1367 468 1434 restituit.

484 1525 532 1598 tc
558 1549 592 1579 =
616 1519 766 1598 ibidem.
782 1520 853 1614 (de
868 1517 1012 1620 Cypriis
1036 1518 1279 1618 smaragdis).
1444 1535 1508 1603 340

369 1698 409 1708 -
439 1653 650 1731 dcseorum
679 1650 736 1730 est
761 1651 946 1732 incolere
973 1652 1113 1752 liquide
1141 1651 1424 1752 -pariterque

365 1796 405 1864 ut
433 1782 660 1864 transluceat
687 1792 723 1863 et
750 1785 864 1862 niteat
898 1785 983 1885 [hcc
1010 1792 1132 1864 estut
1168 1781 1333 1863 colorem
1359 1809 1425 1861 ex-

363 1917 489 2022 pellat,
518 1919 637 1997 aciem
662 1917 841 2032 recipiatp

398 2051 511 2135 Neque
532 2053 611 2118 satis
633 2051 747 2116 Latine
767 2051 895 2116 locutus
918 2057 968 2116 est
1001 2051 1193 2136 quicumque
1215 2052 1314 2116 uerba
1334 2051 1423 2116 unci·

311 2173 367 2236 nis
389 2172 514 2235 inclusa
536 2170 716 2255 adscripsit,
737 2187 812 2233 nam
835 2169 889 2254 qui
913 2169 1082 2251 expellitur
1103 2168 1200 2249 color,
1234 2187 1299 2233 non
1320 2187 1423 2234 reme-

310 2295 387 2371 net,
420 2306 525 2372 neque
546 2287 718 2380 quidquam
741 2286 878 2351 crationi
899 2285 993 2350 Plinii
1016 2285 1139 2351 addidit
1160 2284 1245 2374 quod
1267 2306 1331 2350 non
1353 2304 1422 2350 ver·

312 2407 365 2472 bis
388 2406 554 2490 eleganter
574 2407 658 2470 iuter
679 2425 714 2469 se
736 2402 891 2490 oppositis
915 2403 1103 2469 declaretur.

758 2561 805 2634 67
831 2576 870 2612 ²³
897 2561 992 2648 5,18.
1071 2655 1074 2663 ,
1444 2569 1506 2637 841

364 2689 442 2769 Sed
469 2696 506 2766 et
529 2688 619 2765 vitia
652 2689 896 2766 demonstrari
922 2688 1097 2767 convenit
1133 2688 1169 2762 in
1195 2694 1269 2763 tam
1295 2690 1423 2788 prodi-

363 2825 424 2925 gis
450 2822 585 2925 pretiis.

396 2957 482 3022 Huic
503 2958 530 3019 B
552 2953 673 3018 codicis
695 2953 872 3040 scripturae
903 2954 1096 3020 adieetivum
1118 2959 1285 3039 acceptum
1306 2952 1423 3036 refero,

311 3073 516 3160 interpolatis
537 3071 700 3147 codicibus
721 3071 777 3136 ubi
799 3073 842 3155 ,in
865 3078 954 3137 tanto
967 3071 1124 3159 prodigio‘
1147 3072 1300 3158 scriptum
1317 3077 1424 3136 exstat

313 3191 479 3274 vocalem,
514 3190 629 3276 quibus
652 3189 831 3255 coniunctis
854 3189 1020 3254 -ethis
1043 3190 1172 3274 quidem
1194 3190 1291 3254 etiam
1313 3208 1423 3254 carere

313 3316 501 3398 poteramus
527 3349 560 3360 -
585 3306 789 3373 scribendum
817 3327 890 3372 esse
922 3311 1108 3392 pronuntio:
1152 3313 1183 3370 in
1212 3319 1272 3372 tem
1296 3313 1423 3388 prodi·

312 3434 442 3510 picris
459 3432 574 3508 pretiis.

725 3545 775 3621 68
799 3564 838 3601 =
864 3543 1019 3620 ibidem.
1267 3623 1269 3628 ,
1445 3549 1508 3620 842

365 3716 414 3734 -a
439 3685 502 3754 aut
536 3678 636 3754 intus
660 3675 822 3754 occurrit
854 3681 916 3751 eut
944 3677 1081 3776 excipit
1118 3678 1155 3753 in
1194 3677 1266 3752 fine
1303 3676 1424 3752 visum

366 3811 506 3889 candor
541 3810 602 3886 hic
629 3809 778 3888 celcris.
833 3804 928 3883 Sunt
952 3807 1040 3885 item
1073 3810 1161 3885 vitia
1187 3807 1424 3910 capillamen-

364 3950 442 4020 tum
468 3939 535 4020 rel.

399 4075 490 4141 Bene
511 4075 609 4140 lanus
631 4076 663 4139 in
685 4075 760 4141 edit.
782 4077 889 4163 priore
911 4083 943 4141 et
964 4074 1192 4163 praecedentia
1214 4075 1369 4158 restituit,
1391 4075 1424 4140 in

315 4193 432 4280 quilius
453 4213 580 4280 quame
595 4194 778 4259 coniectura
790 4195 925 4258 inseruit
939 4214 1051 4258 vocem
1064 4191 1217 4278 ‚quidam‘
1231 4199 1306 4259 ante
1324 4194 1424 4277 ,varii‘

317 4333 390 4376 eam
411 4311 690 4398 inBambergeusi
700 4312 841 4397 reperire
850 4318 988 4397 poterat,
1011 4312 1117 4377 ethoc
1130 4311 1201 4376 loco
1223 4311 1283 4375 aB
1306 4310 1425 4376 disces·

318 4431 369 4494 sit.
392 4429 518 4493 Vellem
534 4431 661 4515 longius
677 4447 866 4515 progressus
888 4437 985 4494 esset.
1007 4429 1091 4494 Nam
1113 4429 1197 4514 quod
1219 4429 1251 4492 in
1273 4429 1301 4492 Β
1324 4429 1424 4513 deest,

317 4547 368 4612 his
389 4546 549 4611 inversis
576 4567 642 4612 nou
661 4548 766 4633 magis
792 4565 889 4632 quem
917 4549 1108 4633 saepissime
1135 4565 1249 4610 manco
1278 4553 1310 4610 et
1338 4547 1425 4612 lacu·

316 4685 414 4748 nese,
435 4664 470 4728 iu
492 4665 607 4730 aeteus
626 4664 716 4728 libris
736 4663 825 4730 uarie
847 4672 1033 4753 corruptum
1054 4663 1224 4745 invenitur,
1245 4665 1279 4728 in
1300 4664 1422 4750 Plegi-
