3567 5559
1612 517 1613 526 ,

431 534 493 604 108
882 569 888 579 -
1072 580 1080 596 .

311 666 316 674 .

481 723 557 816 lau,
582 719 688 797 iuxta
713 719 867 798 fluvium
892 715 1163 818 Narragam,
1186 718 1249 819 qui
1276 715 1377 794 cadit
1400 713 1541 793 iuNar·

483 880 624 957 rogam,
648 856 747 933 uude
774 855 912 936 civitati
938 878 1086 930 nomen.

517 1076 649 1142 Locum
669 1073 838 1140 difficilem
859 1078 906 1141 ita
928 1097 948 1141 e
969 1075 1063 1142 lihris
1084 1075 1170 1142 Mss.
1192 1072 1341 1159 Silligiua
1363 1071 1542 1139 consiluit.
1614 1095 1615 1128 t

434 1196 547 1262 Antea
570 1194 747 1278 legabatur
777 1214 820 1259 ex
849 1195 1076 1280 interpolatis,
1106 1203 1143 1257 ut
1171 1185 1322 1269 videtur,
1358 1191 1546 1257 codicibus:

437 1311 681 1379 ommam
694 1311 851 1376 comma
871 1311 999 1376 samm
1021 1321 1054 1376 a
1070 1311 1141 1391 aa,
1164 1311 1250 1374 atat
1271 1307 1432 1396 aanor,
1453 1310 1546 1374 aaa

433 1427 574 1520 [lavim
593 1430 806 1519 Numam,
837 1431 898 1526 qui
919 1429 1012 1494 dedit
1036 1428 1162 1494 ciuitati
1181 1449 1308 1493 nomen.
1352 1427 1470 1494 Verba
1492 1427 1545 1491 tio-
1615 1415 1616 1422 ἵ

437 1550 546 1614 atriae
572 1547 701 1612 elerum
728 1567 750 1612 a
774 1546 915 1616 Gelenio
942 1550 1068 1616 omissa
1092 1547 1285 1612 llarduiuus
1312 1547 1469 1625 restituit,
1495 1547 1547 1632 qui

436 1663 534 1731 amul
553 1677 692 1751 praeter
711 1669 951 1736 necessitatem
973 1665 1150 1753 Babylonii
1169 1665 1236 1752 lagi
1261 1664 1372 1731 voluit
1423 1663 1548 1730 Verum
1616 1658 1617 1728 i

437 1796 633 1870 comparato
654 1787 810 1872 proximo
831 1787 1019 1868 enuntiato,
1046 1787 1103 1851 ubi
1125 1784 1274 1850 Orcheni
1304 1784 1432 1864 „tertia
1454 1783 1550 1850 Chal-

438 1905 599 1971 dacorum
614 1905 792 1971 dochina“
808 1904 1031 1993 appellantur,
1052 1903 1198 1969 efficitur
1211 1923 1330 1968 vocem
1347 1904 1551 1983 ‚,docttiua“

438 2046 517 2090 raro
544 2023 689 2111 alioquin
713 2045 776 2090 usu
805 2043 827 2088 a
849 2025 953 2090 Plinio
976 2045 1037 2109 pro
1062 2024 1165 2090 sectis
1187 2021 1434 2088 Chaldaeorum
1459 2041 1551 2087 usur·

437 2145 525 2230 pari,
547 2165 633 2230 quas
656 2143 793 2228 αἱρέσεις
813 2145 963 2208 nominat
981 2143 1105 2210 Strabo
1126 2141 1216 2207 XVl.
1230 2139 1346 2225 p.739.
1366 2141 1449 2205 lude
1471 2161 1550 2206 vero

439 2261 605 2344 colligitur
620 2258 782 2345 pluralem
793 2262 965 2344 „oppida“
974 2281 1041 2326 non
1059 2261 1102 2324 ad
1116 2261 1212 2327 aulos
1225 2259 1439 2346 Hippareuos
1452 2261 1552 2344 perti·

439 2397 533 2456 uere,
542 2379 661 2463 quibus
672 2377 873 2443 vocabulum
880 2380 1082 2463 „doctrina“
1091 2381 1251 2468 singulari
1261 2399 1401 2446 numero
1410 2381 1552 2460 additur,
1618 2395 1619 2426 t

438 2493 1023 2584 aedOrcheuosetiamreliquasque
1039 2517 1154 2562 eorum
1168 2499 1271 2563 urbes
1288 2498 1406 2562 eodem
1421 2499 1553 2563 nomine
1606 2463 1619 2484 ’ἵ

440 2613 692 2700 compreheurh.
712 2613 957 2701 Naut’opmoe‘
966 2612 1379 2703 rause—aalssopmmmol
1389 2612 1448 2682 καὶ
1463 2609 1554 2684 ἄλλοι

439 2733 778 2811 aheiooeaStrabone
792 2733 850 2800 hl
871 2745 1184 2801 commemorantur.
1219 2736 1288 2800 lam
1309 2735 1453 2820 primum
1476 2735 1556 2802 illud

439 2855 574 2941 quidem
595 2853 806 2920 manifestum
828 2866 894 2933 eet,
917 2856 983 2921 (luo
995 2853 1131 2920 flumina
1141 2855 1407 2932 commemorari,
1430 2855 1555 2920 Narra·

439 2995 517 3060 gam
526 2985 563 3040 et
572 2994 675 3040 unam
687 2974 827 3042 amultia
842 2996 931 3061 quae
943 2978 986 3042 ab
997 2975 1169 3062 Euphrate
1189 2973 1397 3038 ducebantur
1411 2971 1553 3052 fossam,

440 3096 484 3159 ab
502 3093 680 3179 archetypi
699 3095 814 3158 scriba
836 3113 913 3158 aum
929 3114 971 3159 eo
983 3095 1128 3172 uomina,
1139 3091 1226 3178 quod
1241 3091 1272 3155 in
1288 3091 1442 3174 proximo
1452 3112 1557 3158 versu

441 3221 681 3295 conspexerat,
701 3221 934 3292 permutatam.
957 3210 1142 3296 llipparum
1164 3221 1320 3276 vocatam
1341 3208 1448 3274 luisse
1469 3212 1557 3276 veri·

440 3327 549 3394 simile
571 3339 635 3406 eat,
658 3328 813 3412 quoniam
834 3327 951 3391 ultima
972 3330 1077 3394 verba
1099 3330 1144 3394 ad
1164 3326 1264 3393 aliam
1289 3330 1456 3414 quandam
1479 3330 1556 3396 civi·

440 3455 544 3510 tatem
564 3443 621 3508 vix
646 3443 801 3509 videntur
821 3455 1014 3528 spectasse.
1044 3446 1154 3512 Aliter
1167 3446 1300 3532 quidem
1316 3445 1558 3513 sentiuntllar·

441 3564 573 3642 ciuiuus,
591 3564 646 3648 qui
660 3559 843 3660 llipparam
863 3583 940 3627 cum
953 3563 1135 3651 Borsippa,
1155 3565 1344 3650 Narragam
1363 3586 1438 3632 oum
1449 3568 1558 3634 Naar·

440 3702 530 3759 aare,
552 3703 650 3768 quem
664 3678 876 3746 Ptolemaeus
888 3680 931 3746 V.
943 3681 997 3754 26.
1012 3685 1043 3751 6.
1067 3696 1101 3751 et
1121 3685 1317 3752 Ammianus
1337 3683 1558 3752 Marcellinus

440 3801 602 3869 xxtrto.
628 3809 900 3890 commemorant,
925 3806 1129 3892 composuit,
1162 3816 1195 3871 et
1212 3805 1409 3872 Mannertus
1432 3803 1559 3890 Geogr.

443 3920 510 3986 vol.
520 3921 562 3987 V.
573 3923 603 3988 2.
615 3921 725 4008 paco.
749 3942 791 3989 ac
812 3921 962 3990 Ritterua
984 3922 1111 4012 Geogr.
1132 3923 1201 3991 vol.
1214 3923 1256 3988 X.
1271 3946 1307 4009 p.
1320 3922 1392 4003 146,
1411 3923 1467 4010 qni
1479 3924 1560 4008 Hip·

445 4056 562 4119 param
585 4043 628 4106 ab
640 4042 818 4108 Ammiano
829 4042 1055 4125 Macepracta
1077 4043 1240 4131 appellari
1262 4043 1462 4108 siveurhem
1474 4043 1559 4108 Nar-

440 4173 558 4235 ragam
587 4156 721 4224 Graece
751 4179 954 4225 conversam
988 4171 1089 4246 atque
1124 4161 1200 4229 alihi
1228 4161 1367 4227 Naarda
1399 4172 1558 4225 vocatam

441 4269 578 4355 intelligi
590 4274 784 4342 voluerant:
800 4277 989 4360 Narragam
1002 4279 1087 4342 enim
1101 4300 1174 4344 eam
1189 4281 1317 4348 fossam
1337 4277 1445 4344 luisse
1468 4298 1557 4364 quae

443 4391 486 4455 ad
508 4392 770 4475 septentrionem
791 4393 1036 4461 Naarmalchae
1058 4397 1123 4461 sita
1152 4399 1242 4482 apud
1262 4397 1473 4464 Ammiauurn
1494 4417 1557 4462 uo-

443 4509 530 4575 miue
550 4529 619 4575 nou
640 4511 754 4577 addito
777 4512 950 4578 indicatur.
984 4512 1108 4580 Varum
1130 4518 1194 4584 etsi
1216 4515 1470 4586 concedendum
1493 4523 1557 4590 est,
1615 4591 1616 4598 p
