3567 5559
710 590 812 658 Liber
828 590 899 659 H..
1331 600 1370 667 ll

248 789 288 845 ut
307 775 412 861 vulgo
433 776 565 863 legitor.
607 778 705 854 Quae
720 780 916 868 enimam.
925 790 1116 859 narrantur,
1130 783 1178 849 'iis
1198 783 1371 853 ooulorum

250 894 463 982 argumentis
490 907 526 961 et
548 895 648 961 animi
676 898 968 986 coniectura-qnid
992 900 1146 965 effoetum
1168 904 1213 967 sit
1233 906 1369 989 exponi·

250 1028 326 1091 tur;
348 1012 784 1113 deindohtilaexutroqoe
800 1020 822 1085 i.
836 1040 866 1085 e.
889 1020 988 1084 lonae
1010 1018 1160 1105 solisque
1183 1019 1372 1090 delentibus

253 1136 398 1200 vastitas
415 1134 501 1201 solis
522 1132 681 1219 aperltur.
728 1138 854 1202 Verum
870 1137 1026 1223 vulgatae
1048 1138 1239 1223 scripturae
1257 1152 1370 1226 patro·

251 1255 379 1319 ciuium
407 1252 539 1317 loturus
567 1253 677 1318 editor
700 1255 851 1327 fortusse
880 1256 1059 1342 suscipiet:
1087 1276 1150 1323 uos
1178 1259 1254 1325 dum
1280 1282 1369 1347 quus

254 1394 280 1438 e
300 1370 395 1437 libris
415 1370 496 1437 mss.
521 1371 689 1459 aSilligio
712 1374 845 1441 collatis
866 1377 1040 1442 emendari
1061 1378 1211 1461 possint,
1240 1390 1368 1465 pertru-

257 1502 403 1571 etumus,
431 1490 541 1554 obiter
562 1493 755 1558 tantum‘de
778 1493 819 1559 iis
839 1492 924 1560 loeis
948 1496 1204 1581 disputabimus,
1228 1500 1281 1584 qui
1302 1500 1369 1566 iam

253 1612 299 1676 ab
321 1610 495 1675 llardoino
519 1611 666 1675 eorraeti
688 1611 851 1679 videntur.

712 1794 927 1924 371-.-·-8,6.Ι
972 1880 973 1887 κ
1027 1784 1029 1791 Ι
1387 1852 1427 1917 10

303 1987 426 2090 Quam
459 1999 628 2064 naturam
666 1990 748 2067 eius
784 1988 921 2091 (solis)
952 1988 1186 2088 Pythagorae
1219 1988 1367 2065 Samius

200 2130 210 2139 “
303 2108 449 2222 primus
482 2124 727 2226 deprehendit
766 2123 976 2225 olympiade
1016 2120 1177 2237 circiter¹
1201 2121 1238 2201 X
1246 2124 1346 2203 ml.
1354 2187 1366 2225 ‚

310 2254 411 2359 [qui
435 2260 524 2336 fuit
551 2262 677 2338 urbis
703 2248 872 2339 Romae
899 2286 1040 2337 annus
1068 2254 1282 2370 exuli]

338 2440 491 2509 Priorem
519 2466 691 2511 numerum
712 2447 803 2512 XLll
833 2456 868 2511 et
893 2444 1122 2530 multomagis
1152 2449 1262 2532 quiin
1289 2450 1366 2517 aliis

251 2559 354 2626 codd.
377 2561 462 2628 Mss.
492 2564 615 2649 legitur
638 2563 767 2633 XXXII
792 2575 987 2651 corruptum
1017 2584 1096 2631 esse
1127 2564 1301 2633 Broterius
1319 2570 1366 2634 in.

252 2677 383 2745 tellexit
409 2682 564 2769 idemque
586 2685 779 2769 rectissime
808 2684 998 2767 emendarit
1030 2682 1153 2753 LXII.
1212 2686 1295 2755 Nam
1323 2699 1369 2753 ut

251 2798 482 2885 Pythagoram
505 2814 637 2871 taoeam
659 2805 852 2891 a‘Diogene
865 2804 1001 2869 Laertio
1026 2800 1112 2864 V111.
1124 2801 1177 2863 to.
1195 2802 1236 2868 ol.
1250 2804 1323 2883 LX,
1346 2826 1366 2869 a

253 2915 427 2987 Clemente
438 2896 667 2989 Alexandrino
689 2925 812 2992 Strom.
827 2924 852 2986 l.
869 2922 922 2985 lib.
945 2919 990 2985 ol.
1004 2898 1106 2981 [ΧΗ.
1129 2937 1194 3002 quo
1216 2928 1367 3006 tempore

252 3042 289 3103 in
307 3041 440 3105 ltaliam
460 3042 596 3109 venisse
617 3046 758 3109 traditur
781 3062 802 3106 a
824 3040 893 3105 Gie.
917 3039 1050 3121 derep.
1065 3034 1105 3099 Η.
1124 3034 1182 3113 15,
1205 3034 1247 3103 ab
1263 3039 1367 3106 Euse-

255 3159 315 3224 bio
334 3160 369 3223 in
391 3158 550 3227 chronico
567 3164 609 3229 ol
621 3161 728 3229 LXV.
747 3160 915 3246 assignari
935 3158 1010 3243 ipse
1033 3155 1159 3221 Plinius
1174 3156 1260 3223 infra
1273 3158 1303 3246 §.
1314 3159 1368 3232 81,

254 3278 467 3365 Pherecydis
478 3282 663 3347 auditorem
686 3281 793 3347 fuisse
814 3280 919 3346 refert
930 3278 987 3364 qui
998 3277 1068 3346 Vll.
1077 3276 1148 3344 250.
1164 3276 1244 3365 Gyri
1255 3293 1366 3347 aetate

253 3402 272 3468 i.
284 3422 314 3468 e.
336 3412 419 3465 ante
435 3398 478 3464 ol.
489 3400 562 3464 LV.
581 3401 711 3467 vixisse
732 3399 882 3465 traditur.
933 3398 1049 3481 ltaque
1068 3394 1160 3461 nihili
1181 3410 1260 3465 sunt
1278 3420 1377 3487 quaer

252 3522 295 3586 ab
314 3519 494 3585 llarduino
516 3519 656 3605 aliisque
679 3530 858 3587 tentantur.
909 3518 1008 3593 Quod
1034 3537 1119 3581 vero
1146 3516 1285 3582 alterum
1310 3540 1368 3584 nu.

253 3660 381 3705 merum
403 3636 579 3704 Broterius
603 3640 638 3703 in
660 3637 812 3709 ccxxii
835 3640 985 3722 mutavit,
1002 3636 1095 3702 -feeit
1121 3634 1155 3699 id
1184 3650 1367 3723 temporum

254 3759 373 3824 rationi
395 3776 497 3843 quam
514 3759 656 3821 eritioae
675 3760 739 3823 arti
762 3757 1025 3823 convenientius.
1063 3756 1172 3829 Quum
1190 3756 1276 3819 enim
1294 3756 1369 3827 libri

257 3878 341 3944 bles.
365 3887 424 3944 tint
444 3876 566 3943 CXLll
589 3876 770 3943 sot-cxiii
791 3886 849 3941 aut
873 3874 981 3940 CXVI
1009 3872 1209 3951 exhibeant,
1235 3874 1367 3939 idtan·

258 4008 326 4061 tum
353 3996 475 4081 ambigi
502 3990 608 4079 posse
632 3988 899 4061 consentaneum
930 4004 999 4073 est,
1029 4004 1136 4057 utrum
1165 4010 1209 4057 ex
1232 3990 1369 4060 ultimae

254 4117 447 4202 scripturae
464 4116 619 4198 vestigiis
640 4113 744 4180 GXLl
765 4134 808 4179 an
831 4112 953 4181 CXLll
975 4116 1189 4183 scribendum
1205 4113 1367 4179 videatur.

253 4236 408 4323 Uterque
427 4244 540 4299 autem
560 4230 717 4300 numerus
744 4247 841 4321 prout
867 4238 909 4301 de
931 4235 1062 4301 aestiva
1083 4234 1268 4299 hiberntve
1290 4236 1369 4299 anni

254 4354 421 4441 Olympici
445 4367 544 4437 parte
571 4356 773 4439 cogitaveris
802 4354 983 4441 olympiadi
1010 4352 1112 4421 XLll.
1150 4354 1286 4439 egregie
1314 4372 1370 4418 re-

255 4475 411 4557 spondet.
455 4473 558 4539 lanus
577 4468 664 4539 enim
679 4474 756 4539 dum
769 4475 809 4538 in·
824 4475 930 4540 diurn
942 4466 1043 4557 antiq.
1057 4468 1287 4558 luaepmul.
1308 4489 1380 4533 ort-¹

255 4614 319 4659 m
332 4591 866 4679 CXLVI.legeudum'propouit
884 4594 920 4659 in
942 4586 1123 4679 praumato
1145 4605 1295 4657 emomm
1317 4588 1369 4651 in·
