3567 5559
699 563 801 631 Liber
818 565 885 632 lx,
1289 565 1349 634 153

227 748 309 817 Vll.
322 772 354 835 p.
365 747 571 837 autltsqq.)
593 751 679 816 etin
701 771 832 817 oceano
855 751 1023 817 Gaditano
1047 749 1347 838 frequentissimum

225 891 319 936 esse
348 871 382 934 id
411 889 520 953 genus
546 872 704 955 piscium,
740 871 782 938 cf.
802 872 927 937 Strabo
946 873 997 939 lll.
1018 894 1051 956 p.
1067 871 1138 934 145.
1192 868 1264 934 'lali
1290 889 1348 935 au·

223 1000 303 1054 tem
336 988 483 1056 ablativo
517 989 687 1069 absoluto,
723 992 781 1057 ubi
809 991 932 1057 nullum
965 989 1173 1076 participium
1206 989 1348 1066 additur,
1428 1033 1430 1040 ι

223 1109 265 1172 in
296 1107 415 1191 primis
441 1105 627 1172 delectatur
653 1108 795 1192 Plinius,
825 1109 945 1192 veluti,
976 1120 1013 1174 ut
1033 1130 1133 1174 unum
1155 1129 1217 1194 pro
1239 1105 1349 1173 multis

225 1225 429 1309 exemplum
458 1212 616 1309 afferam,
649 1224 739 1292 XVl.
758 1225 829 1290 188.
863 1224 974 1309 „alias
1009 1228 1137 1291 cortice
1167 1226 1349 1292 inextrica-

225 1342 317 1409 bili“
337 1342 492 1426 legimus,
512 1342 570 1408 vel
591 1345 879 1409 accommodatius
903 1345 1001 1408 etiarn
1024 1343 1178 1409 XXXIV.
1189 1343 1240 1410 37.
1262 1344 1350 1423 „sim

227 1463 394 1548 gulorum
427 1484 558 1548 quoque
590 1462 816 1548 inexplicabili
851 1464 1096 1532 multitudiue.“
1152 1461 1351 1547 Significant

224 1584 339 1667 igitur
349 1583 456 1647 verba
472 1581 504 1647 in
516 1581 710 1666 parenthesi
729 1583 899 1666 ponenda,
923 1581 1157 1648 multitudinem
1172 1581 1303 1668 quidem
1317 1590 1351 1646 et
1430 1596 1434 1604 “

227 1701 322 1766 alias
343 1701 378 1764 in
400 1700 535 1785 thynnis
560 1709 685 1763 tantam
706 1700 857 1784 conspici
872 1711 1041 1786 quautam
1067 1703 1100 1766 in
1121 1700 1242 1767 belluis
1264 1700 1350 1766 lndi·

228 1841 313 1884 cum
335 1839 430 1884 mare
451 1819 616 1884 ostendat
1376 1804 1379 1811 ¹

321 1974 440 2058 ltaque
467 1980 558 2035 totus
583 1967 677 2034 locus
699 1989 803 2035 sanus
824 1969 1009 2056 salvusque
1031 1969 1229 2051 remanebit,
1249 1969 1351 2037 'dum
1408 1987 1417 2002 ·

228 2092 339 2156 modo
363 2090 395 2154 in
415 2088 505 2153 bunc
525 2091 657 2155 modum
679 2090 950 2175 interpungatur:

281 2243 411 2309 bellans
432 2263 505 2305 cum
524 2237 679 2331 fluctibus
699 2237 836 2304 volvunt
861 2239 914 2328 (et
935 2241 1018 2306 alius
1040 2250 1134 2306 tantu
1155 2241 1352 2328 thynnomm

281 2358 526 2447 mullitudine),
547 2368 588 2422 ut
607 2360 719 2448 mupni
739 2359 839 2424 Alex.
863 2359 925 2424 rel.

246 2499 258 2515 ’
323 2515 592 2602 Insequentibus
606 2515 635 2601 ᾗ.
648 2515 698 2578 10.
719 2517 803 2580 satis
825 2517 937 2581 mirari
958 2537 1102 2602 nequeo,
1124 2539 1185 2584 cur
1205 2517 1353 2602 Silligius

234 2638 544 2719 interpunctionem
573 2631 777 2717 Dalecampii
804 2645 838 2698 et
866 2632 1028 2699 Harduini
1060 2655 1158 2720 quam
1185 2637 1353 2720 antiquam

235 2754 385 2820 Barbari
412 2763 445 2817 et
471 2749 621 2829 Gelenii,
652 2770 749 2834 qnam
777 2762 811 2815 et
840 2751 1014 2816 Gesnerus
1042 2753 1197 2835 probavit
1227 2763 1261 2816 et
1289 2773 1352 2836 ego

234 2873 392 2940 nondum
412 2870 574 2955 inspectis
594 2871 762 2934 veteribus
785 2870 947 2953 exemplis
974 2880 1095 2954 sponte
1123 2871 1353 2952 restituebam,

238 2994 341 3079 sequi
362 2989 524 3057 maluerit.
551 2989 716 3054 Narratur
736 2991 781 3054 ibi
794 2989 928 3054 Tiberio
945 2988 1096 3074 principe
1114 2987 1147 3052 in
1169 2959 1355 3055 Sabtonum

238 3114 344 3178 litore
365 3110 498 3176 belluas
518 3120 676 3194 repertas
700 3127 794 3186 esse,

293 3263 466 3362 interque
498 3259 661 3361 reliquas
696 3258 913 3358 elephantos
947 3267 986 3332 et
1017 3257 1153 3333 arietes
1196 3259 1356 3336 candore

293 3407 438 3474 tantum
455 3395 627 3471 cornibus
651 3393 888 3489 adsimulatis,
911 3393 1094 3470 Nereidas
1106 3422 1196 3472 vero
1211 3399 1356 3474 multas.

295 3534 508 3632 Turranius
528 3532 703 3634 prodidit,
728 3534 919 3634 expulsam
940 3533 1098 3609 bellnam
1117 3533 1155 3609 in
1171 3534 1357 3612 Gaditano

294 3675 409 3750 litore
433 3680 496 3746 rel.

332 3843 382 3908 lta
402 3852 497 3908 recte
518 3838 706 3924 interpungi
726 3848 759 3904 et
774 3838 966 3920 scripturae
979 3838 1127 3901 varietas
1142 3835 1276 3917 indicat,
1295 3856 1361 3921 qua

247 3964 281 4028 in
305 3959 475 4028 nonnullis
502 3957 615 4037 codd,
644 3954 745 4022 veluti
770 3955 807 4019 M
831 3952 1055 4036 Dalecampii‚
1088 3973 1185 4038 quem
1214 3951 1360 4036 Silligius

251 4101 270 4143 r
290 4081 456 4162 nominat,
482 4077 539 4142 bic
557 4097 639 4141 vero
663 4074 784 4140 afferre
805 4074 972 4160 neglexit,
1002 4085 1036 4139 et
1055 4073 1209 4153 Barbari,
1230 4074 1363 4141 additur

250 4223 348 4278 cero,
371 4210 405 4265 et
424 4200 604 4264 verborum
626 4206 794 4262 structura
813 4195 1010 4261 necessario
1032 4191 1190 4279 postulat.
1222 4195 1258 4262 si
1276 4197 1363 4261 enim

251 4318 477 4403 incipiendum
508 4325 600 4381 esset
635 4334 655 4377 a
686 4315 799 4378 verbis
835 4311 1003 4379 Nereidas
1028 4333 1105 4375 veru
1136 4311 1255 4377 multus
1285 4315 1362 4377 tur.

253 4437 416 4524 muttit,
448 4446 686 4520 expectaretur
711 4433 866 4519 profecto
895 4454 956 4498 seu
980 4433 1119 4497 verbum
1145 4454 1207 4498 seu
1229 4427 1363 4512 copula,

256 4577 364 4643 neque
385 4557 433 4621 ita
456 4553 641 4620 continuari
661 4552 780 4618 liceret
801 4553 1002 4618 orationum
1024 4548 1193 4637 expulsum
1214 4543 1363 4610 bellnam.
1448 4631 1456 4652 .
