3567 5559
363 701 428 768 139

361 4307 423 4374 140

447 518 510 588 114
908 517 1010 586 Liber
1032 517 1098 586 Vl.

848 703 975 780 1572.-
988 703 1138 780 ibidem.

493 855 694 931 Minaei...
717 881 874 954 quorum
898 856 1081 932 Carmaei.
1109 855 1298 958 Oppidum
1316 853 1408 930 XIV
1429 851 1503 930 mil.
1522 879 1557 955 p.

495 992 709 1091 Marippa
729 988 1065 1084 Palmalacum,
1088 1001 1126 1065 et
1148 988 1271 1092 ipsum
1289 1015 1363 1065 non
1384 1015 1558 1090 spernen-

495 1131 595 1228 dum,
616 1129 705 1204 item
728 1127 922 1204 Carnon.

527 1299 684 1384 Morippo
708 1297 828 1362 scribit
847 1296 897 1382 R,
923 1295 1078 1364 Marr‘bba
1099 1297 1168 1376 Ta,
1190 1293 1344 1361 uanam
1363 1309 1400 1362 Θ.
1451 1295 1560 1370 Quum

443 1427 557 1484 autern
579 1416 796 1499 Calingornm
819 1415 978 1499 oppidum
999 1415 1136 1479 masaa
1158 1412 1558 1499 §.159.,·,aomtnos0m.

442 1536 555 1600 uium“
575 1535 814 1616 interpretatur
838 1532 977 1616 Plinius,
994 1531 1050 1596 bic
1071 1550 1204 1618 quoque
1226 1542 1329 1616 caput
1348 1531 1557 1597 Minaeoruu

442 1653 563 1721 eadem
578 1650 824 1738 significatione
844 1650 1040 1716 nominasse
1060 1649 1230 1734 putandus
1243 1658 1314 1714 esta
1333 1647 1557 1733 praeferendo

443 1783 497 1838 est
520 1772 682 1856 igiturca
702 1768 813 1836 forma
835 1789 936 1854 quam
957 1782 985 1836 Θ
1007 1767 1153 1848 exhibet,
1175 1789 1277 1853 quum
1298 1789 1315 1830 ι
1334 1778 1368 1832 et
1390 1789 1410 1831 r
1430 1769 1557 1853 saepis·

443 1892 527 1956 sime
560 1888 720 1956 confundi
751 1899 895 1955 constet
952 1887 1132 1954 Diversum
1166 1907 1189 1952 a
1217 1886 1361 1952 maxima
1392 1888 1478 1952 urbe
1508 1897 1558 1954 est

443 2009 697 2091 „Palmalacum
718 2017 753 2072 et
773 2007 883 2091 ipsum
907 2026 974 2070 non
996 2005 1258 2090 spernendnm“,
1290 2006 1560 2090 interpunctione

443 2129 544 2213 igitur
571 2124 848 2210 distinguendum.
909 2122 1045 2188 Carnon
1072 2142 1094 2186 a
1117 2120 1201 2188 Ptol.
1216 2122 1273 2189 Vl.
1292 2123 1325 2186 7.
1344 2121 1396 2190 34.
1419 2125 1560 2212 Καρμὰν

442 2247 618 2330 βασίλειον,
630 2265 652 2310 a
663 2242 837 2325 Stephano
849 2240 1019 2326 Κάρυανα,
1033 2260 1053 2305 a
1064 2241 1177 2309 Strab.
1188 2240 1278 2306 XVI.
1289 2263 1322 2325 p.
1331 2241 1404 2310 768.
1414 2237 1558 2329 Κάρναῆ

442 2359 599 2444 Κάρναυα
618 2377 773 2425 vocatum
800 2360 1015 2424 hauddubie
1043 2371 1144 2444 capnt
1165 2360 1420 2440 (hemacorum,
1451 2365 1558 2431 tribus

442 2478 664 2561 Minaeorum,
678 2474 749 2564 fuit,
774 2473 929 2562 Apparet
950 2477 1048 2562 igitur
1070 2477 1160 2560 opud
1176 2477 1402 2546 Ptolemaeum
1424 2455 1558 2570 Kapauta

442 2595 655 2661 scribendum
672 2615 763 2663 esse.
809 2596 909 2672 Quod
931 2605 1041 2660 autem
1063 2595 1258 2664 Fresnellus
1278 2599 1312 2664 in
1325 2599 1556 2668 Diurn.Asiat.

442 2714 521 2785 tX.
536 2712 626 2780 1840.
647 2737 682 2799 p.
697 2713 756 2779 181
776 2735 849 2802 sqq.
869 2713 1071 2781 laudatus'a
1091 2715 1222 2782 Rittero
1246 2718 1370 2803 Geogr.
1394 2731 1471 2786 tom.
1484 2721 1556 2788 Xll.

441 2857 475 2919 p.
490 2834 565 2904 281.
589 2834 743 2900 Mariaba
764 2831 995 2898 Baramalcnm
1017 2852 1038 2896 a
1059 2831 1133 2900 filiis
1154 2853 1268 2918 regum
1296 2835 1462 2920 appellari
1489 2849 1555 2904 sta-

442 2955 514 3037 tuit,
534 2952 733 3038 optimorum
755 2947 913 3046 librorum
936 2950 1107 3033 scriptura
1126 2971 1223 3036 quam
1235 2951 1385 3036 Silligius
1399 2955 1554 3036 restituit,

442 3071 616 3139 refellitur.
659 3069 881 3135 Palmalacum
906 3069 993 3135 enim
1014 3069 1136 3135 Plinius
1150 3069 1280 3136 Mariua
1298 3073 1431 3158 quidem
1453 3077 1553 3140 mino

442 3213 514 3257 rem
530 3192 591 3257 sed
608 3208 763 3274 magnam
777 3199 888 3253 tamen
901 3191 1017 3254 urbem
1029 3189 1137 3256 luisoe
1157 3190 1267 3268 tradit,
1289 3194 1435 3276 Carnon,
1457 3213 1554 3279 qnam

442 3310 529 3372 inter
544 3307 698 3371 Minaeos
719 3308 864 3371 omnium
888 3308 1063 3372 maximam
1084 3308 1192 3376 luisse
1204 3309 1328 3376 Strabo
1351 3309 1467 3392 refert,
1487 3335 1554 3380 non

442 3426 635 3492 accuratius
658 3424 828 3490 describit.
872 3425 923 3488 Eo
946 3445 1079 3510 qnoque
1100 3426 1252 3494 Ritterus
1274 3451 1307 3514 p.
1319 3427 1391 3491 777.
1414 3428 1553 3508 fallitur,

442 3542 531 3628 quod
562 3562 582 3606 e
608 3539 701 3604 Plinii
727 3543 895 3606 sententia
921 3540 1051 3608 incolas
1080 3543 1176 3628 ipsos
1205 3547 1364 3612 aMinoe
1391 3549 1552 3636 originem

441 3661 566 3726 ducere
590 3657 771 3723 arbitratus
795 3672 861 3728 est.
913 3657 1060 3724 Verbum
1083 3662 1170 3727 enim
1192 3672 1358 3750 ,‚pntant“
1378 3668 1422 3731 ad
1445 3667 1552 3734 Grae-

442 3800 502 3848 cos
524 3790 682 3845 auctores
703 3777 859 3864 pertinet,
881 3777 980 3842 sicuti
1001 3775 1089 3843 infra
1109 3777 1136 3867 ς.
1149 3779 1222 3849 159.
1243 3783 1341 3847 iidem
1358 3781 1551 3867 Euphraten

439 3904 474 3968 io
486 3900 615 3968 Arabia
633 3920 808 3987 emergere
827 3904 1003 3985 ,‚pntant“,
1024 3896 1069 3965 cf.
1083 3876 1290 3967 senexve
1306 3924 1337 3986 p.
1348 3900 1421 3964 741.
1445 3901 1551 3970 Paulo

440 4041 546 4105 supra
568 4030 662 4085 recte
679 4018 838 4085 Gelenius
862 4015 954 4080 Arra
976 4018 1048 4082 sive
1071 4019 1182 4102 potius
1191 4015 1280 4082 Arre
1292 4018 1440 4103 scripsit,
1463 4043 1551 4110 quae

440 4136 530 4222 apud
552 4135 779 4200 Ptolemaeum
800 4132 857 4197 Vl.
875 4133 906 4196 7.
916 4129 967 4196 30.
982 4125 1079 4217 ”Abba
1099 4134 1191 4218 κώμη
1212 4137 1408 4202 nominatur.

850 4296 925 4372 158
940 4333 977 4366 =
990 4296 1139 4374 ibidem.

487 4449 718 4544 Bacascami,
737 4446 962 4548 Riphearma
984 4445 1197 4549 oppidum
1221 4458 1284 4528 rel.
