3567 5559
431 765 474 839 78
726 848 731 861 ¹
878 769 969 836 liter
994 772 1087 838 XIX.

514 967 565 1031 Itu
586 962 652 1031 Sili
675 964 825 1031 eoodioe
842 967 882 1049 Τ,
904 987 999 1052 quem
1021 971 1129 1031 temen
1149 966 1182 1031 in
1203 967 1268 1031 fine
1289 967 1517 1052 sedneu'serip-

432 1089 501 1150 tum
522 1082 642 1148 hebere
662 1083 850 1168 putaverim.
862 1081 1071 1156 ,Ceterorum
1086 1104 1205 1168 mogus
1227 1090 1277 1148 est
1297 1085 1443 1152 varietus.
1464 1082 1518 1147 Hr-

432 1199 511 1266 bont
531 1200 616 1264 enim
635 1204 722 1264 citur
741 1205 864 1264 saluber
888 1221 928 1264 oo
948 1199 1109 1284 10010001,
1140 1207 1261 1266 saluber
1282 1205 1335 1267 tic
1355 1205 1429 1266 iero
1447 1201 1520 1287 Apu·

431 1316 525 1399 leins,
547 1320 828 1381 0110000101Μο
849 1337 867 1381 0
888 1321 970 1382 iuter
992 1334 1012 1381 e

472 1437 646 1498 neumas
666 1452 686 1497 e
705 1453 742 1516 o,
762 1438 819 1498 reri
837 1439 920 1498 reris
938 1433 1095 1520 Apuleius

471 1569 533 1614 mn
554 1560 667 1630 queunt
688 1569 708 1615 o
728 1571 748 1615 0
769 1549 800 1634 d,
823 1561 976 1632 nequeam
995 1551 1092 1638 ApnI

472 1667 960 1755 rederednouedApul.·

513 1785 622 1870 Atque
656 1792 819 1850 uetustum
852 1786 975 1852 vitium.
998 1785 1063 1849 iem
1094 1785 1128 1848 in
1154 1785 1264 1870 primis
1301 1783 1526 1871 exemplaribus

432 1899 534 1968 foisse
554 1921 671 1988 reapse
688 1902 890 1988 intelligitur:
921 1902 1080 1988 quomedo
1103 1902 1189 1966 enim
1211 1901 1311 1986 ribus,
1341 1902 1407 1988 ,qui
1427 1899 1526 1988 perfici

432 2022 582 2106 nequeet‘
613 2018 742 2084 saluber
762 2021 965 2105 appellatur?
1007 2019 1108 2094 Quem
1143 2040 1163 2084 0
1199 2018 1379 2106 Chrysippo
1413 2017 1527 2084 medies

433 2136 578 2201 damnari
598 2135 673 2200 XX.
696 2137 737 2205 17
757 2136 903 2219 traditur,
925 2137 986 2202 hoo
1008 2156 1134 2224 quoque
1156 2138 1227 2202 Iooo
1247 2137 1424 2223 Imprebari
1443 2135 1528 2223 perti·

433 2252 506 2319 oule
526 2264 624 2317 tumen
645 2253 809 2321 evincitur.
830 2256 939 2341 Atque
960 2253 993 2318 id
1015 2253 1143 2340 quidem
1164 2254 1266 2319 levius
1288 2253 1375 2340 quod
1388 2235 1528 2318 anouiu

432 2370 592 2455 plerisque
605 2369 767 2434 eodierus
790 2371 874 2434 mule
895 2371 1054 2437 inseritur.
1082 2371 1165 2436 Nem
1188 2391 1271 2457 quae
1291 2391 1356 2435 non
1379 2390 1528 2455 cuneoqu-

432 2491 538 2567 untur‚
552 2486 812 2552 intumesountin
825 2487 976 2570 ulvo‘(ef.
1000 2488 1106 2554 XXII.
1125 2488 1209 2568 136).
1232 2488 1337 2553 Maius
1344 2495 1453 2552 autem
1460 2484 1529 2550 illud

433 2603 518 2688 quod
546 2603 740 2690 relinquitur,
762 2605 915 2670 mendum
941 2604 1017 2670 inde
1049 2613 1153 2670 ortum
1177 2611 1227 2670 est
1255 2603 1341 2692 quod
1368 2604 1528 2669 verborum
1605 2655 1606 2660 ,

433 2720 575 2786 ordinem
598 2721 718 2787 librarii
745 2723 972 2808 perturbarunt
999 2721 1282 2809 perturbatumque
1309 2721 1406 2787 variis
1434 2720 1527 2786 modis
1605 2719 1606 2745 ¹

422 2840 649 2907 restituerunt.
672 2839 899 2926 Distinguatur
920 2841 1005 2906 enim
1024 2847 1150 2926 oportet
1172 2846 1282 2905 eortex
1303 2840 1336 2903 in
1358 2861 1392 2905 re
1415 2839 1528 2904 medion

433 2957 620 3021 utilissimus
646 2957 703 3026 (01.
725 2955 932 3022 Dioscorides
953 2959 991 3024 II.
1014 2957 1090 3042 161,
1114 2955 1169 3022 IV.
1192 2958 1271 3036 185)
1308 2964 1340 3022 et
1378 2958 1467 3022 uibus
1492 2951 1527 3018 ed

432 3074 628 3139 vescendum
647 3075 835 3160 plerumque
855 3075 986 3158 noxius,
1007 3074 1041 3138 in
1062 3074 1222 3140 medisina
1242 3095 1308 3140 non
1330 3071 1525 3161 spernendus,

432 3189 472 3257 01.
493 3189 602 3256 XXII.
623 3193 673 3258 14.
716 3193 829 3278 Itaque
867 3191 975 3259 deleto
1002 3213 1081 3260 vooe
1111 3197 1196 3259 cibus
1223 3192 1274 3259 vel
1301 3195 1386 3258 cibos
1415 3192 1527 3276 relique

432 3306 480 3372 sio
501 3307 680 3395 ordinando
702 3314 812 3373 erunt:
859 3380 868 3399 .

477 3428 588 3489 Cortex
608 3429 700 3489 viridi
721 3437 803 3489 tener
824 3429 982 3490 deraditur
1006 3425 1061 3506 (τὸ
1078 3428 1182 3511 §tepor
1195 3425 1280 3512 apud
1294 3423 1525 3498 Dioscoridem)

356 3532 359 3536 ’
473 3543 655 3606 saroterra
680 3545 910 3624 moiuntur
938 3549 1051 3622 modin
1079 3547 1268 3610 nihilomiuus
1286 3550 1319 3610 iu
1346 3549 1527 3652 0111010000

350 4471 413 4542 398

474 3663 646 3724 autom
664 3664 719 3740 qui
736 3665 845 3740 perfici
864 3696 906 3708 -
928 3666 1135 3728 inumeroast.

433 3785 527 3870 irruere
554 3775 671 3841 retinui
703 3797 744 3841 ex
772 3777 925 3863 Apuleio,
955 3777 1040 3864 quod
1069 3799 1142 3844 oum
1167 3800 1196 3848 v.
1223 3782 1416 3844 nrtiiomiuus
1441 3777 1527 3844 etiem

432 3891 535 3959 XVII.
559 3894 620 3961 118
641 3895 853 3981 coniungituu,
870 3902 1042 3962 existimant
1063 3916 1080 3960 e
1102 3891 1287 3962 melioribus
1307 3895 1400 3962 oodd.
1422 3893 1527 3979 recepi,

433 4029 505 4073 oum
529 4012 767 4094 praepositione
786 4017 817 4076 in
831 4012 945 4078 eodem
961 4013 1057 4078 modo
1078 4013 1230 4098 iunctam,
1252 4033 1315 4100 quo
1322 4012 1363 4079 X.
1378 4014 1438 4081 133
1457 4009 1527 4098 legi·

433 4131 484 4188 tur
506 4126 717 4212 ,existimatus
738 4130 821 4193 inter
842 4150 930 4195 raras
950 4133 1049 4208 eves‘
1072 4131 1171 4197 Cuius
1195 4151 1272 4195 usus
1294 4131 1411 4196 similis
1431 4147 1526 4196 exem·

432 4242 487 4326 ple
508 4261 528 4305 0
549 4240 779 4340 Grasbergero
790 4266 821 4331 p.
835 4247 876 4313 12
897 4247 1031 4313 oolleoto
1051 4229 1205 4314 inienies.

595 4428 706 4505 82:
719 4430 814 4514 536.
845 4426 915 4520 (de
940 4428 1114 4528 raphanis
1138 4373 1262 4508 sermo
1289 4435 1368 4523 est)

482 4567 690 4648 Etiamnum
714 4589 828 4645 unum
863 4565 1036 4646 silvestre
1062 4567 1195 4648 Graeci
1218 4571 1351 4672 egriou
1390 4571 1524 4655 vient

486 4699 553 4778 rel.
