3567 5559
710 538 813 605 bibet·
832 539 898 608 VI.
1318 537 1361 603 87

707 725 844 800 19=7
868 727 905 800 7.

288 859 415 938 Primi
433 860 627 936 Sarmatae
648 785 1104 958 Gymecodratumenoe,
1129 861 1357 938 Amazonum

287 996 488 1072 connubia.
641 1098 649 1106 l

321 1131 373 1195 Ita
398 1129 560 1214 Silligius,
585 1151 683 1215 quum
704 1127 805 1212 vulgo
827 1127 919 1192 unde
938 1143 1015 1194 ante
1035 1129 1243 1194 Amazonum
1265 1132 1355 1197 inse·

230 1261 402 1315 reretur.·
427 1250 538 1336 Atque
561 1247 641 1313 illud
664 1248 795 1334 quidem
818 1247 1006 1314 rectissime
1031 1248 1113 1313 lecit
1134 1251 1223 1334 quod
1245 1249 1355 1315 Grae-

231 1391 317 1433 cam
338 1365 474 1452 pluralis
497 1365 626 1430 numeri
648 1364 790 1432 formam
812 1367 955 1432 ecod.d
975 1368 1120 1452 recepit:
1142 1365 1353 1456 hocquoque

231 1486 428 1551 laudandus
451 1486 540 1571 quod
563 1505 682 1549 vocem
704 1483 804 1570 erade,
827 1505 926 1571 quam
950 1484 983 1549 in
1002 1483 1092 1551 nullo
1110 1485 1196 1551 libro
1218 1487 1285 1552 llls.
1306 1488 1352 1551 in-

231 1606 346 1671 veniri
366 1608 430 1669 iam
452 1603 554 1672 Hard.
582 1612 820 1683 annotaverat,
849 1597 957 1672 eiecit.
1004 1605 1145 1671 Videtur
1165 1605 1298 1691 quidem
1318 1605 1351 1671 in

229 1725 426 1791 recentiore
454 1725 566 1810 aliquo
597 1722 682 1789 libro
716 1744 736 1786 a
760 1724 877 1807 primis
905 1724 1090 1790 editoribus
1115 1722 1204 1790 lecta
1232 1724 1351 1804 fuisse,

230 1865 336 1930 quum
357 1846 425 1908 iam
456 1843 488 1907 in
510 1842 655 1907 editione
676 1843 830 1927 principe
853 1843 1055 1926 reperiatur:
1080 1843 1143 1907 sed
1172 1843 1352 1926 interpola-

230 1963 325 2028 tione
352 1960 375 2029 'e
409 1962 577 2046 corruptis
604 1960 726 2025 ultimis
758 1960 916 2026 vocabuli
943 1959 1066 2024 Graeci
1096 1957 1215 2024 litteris
1242 1970 1351 2025 ortum

229 2103 317 2149 esse
339 2078 560 2145 manifestum
575 2089 636 2143 est.
685 2080 785 2155 Quod
808 2101 889 2143 vero
914 2076 1060 2163 Silligius
1083 2077 1223 2161 imprimi
1243 2078 1350 2159 iussit,

229 2201 272 2266 id
294 2199 445 2284 equidem
463 2218 515 2263 me
537 2219 604 2262 non
626 2197 814 2282 intelligere
835 2196 951 2263 fateor.
973 2198 1146 2263 Sarmatas
1159 2197 1350 2282 enimipsos

233 2319 406 2386 connubia
424 2319 632 2383 Amazonum
659 2318 778 2383 vocari
809 2330 876 2381 tum
904 2317 1034 2382 demum
1056 2317 1286 2396 crederemus,
1318 2317 1348 2384 si

229 2437 337 2505 ullum
359 2436 436 2503 talis
458 2437 613 2502 vocabuli
642 2437 805 2501 abstracti
829 2424 947 2522 (quod
964 2438 1102 2523 dicunt)
1131 2458 1213 2502 usus
1236 2457 1349 2500 exem·

230 2558 325 2643 plum
346 2555 484 2622 allatum
504 2567 623 2623 esset..
649 2553 791 2619 Videtur
811 2557 857 2619 ita
876 2556 987 2622 locum
1007 2559 1247 2640 interpretatus
1270 2574 1348 2619 esse

1376 736 1439 802 117

232 2678 428 2760 Pintianus‚
450 2676 525 2739 dum
549 2673 987 2757 Pomp.me1am.1.19.fin.
1029 2673 1125 2738 Plinii
1147 2672 1260 2737 verbis
1279 2669 1349 2734 illu·
1432 2719 1435 2732 ,

229 2797 329 2863 stra't.
375 2795 444 2861 Sed
465 2795 554 2878 apud
575 2792 699 2858 Melam
721 2814 855 2878 quoque
878 2792 1113 2872 „Amazonum
1132 2791 1260 2874 regnu“
1280 2810 1347 2853 nou

231 2933 315 2980 esse
339 2912 585 2997 appositionem
612 2913 656 2976 ad
677 2911 867 2994 „Maeotici
889 2907 1271 2996 γυναυωκρατούμευοι“
1289 2928 1348 2973 ve·

229 3053 310 3098 rum
328 3030 596 3115 interpunctione
624 3039 781 3094 correcta
806 3049 829 3092 a
850 3028 956 3093 verbo
976 3027 1137 3106 „tenent“
1158 3037 1239 3111 apta
1259 3047 1348 3112 esse,

231 3170 257 3216 a
278 3148 520 3215 recentioribus
543 3147 745 3213 intellectum
769 3158 833 3214 ast.
878 3147 977 3222 Quod
1001 3156 1110 3210 autem
1133 3147 1222 3232 apud
1244 3145 1348 3212 Dale-

233 3267 400 3352 campium
420 3268 453 3330 in
476 3269 625 3353 margine
646 3267 849 3331 adscribitur
877 3266 1083 3330 Amazonum
1105 3287 1206 3356 repon
1231 3267 1271 3333 V.
1279 3321 1290 3354 ,
1313 3268 1347 3333 id

230 3408 302 3451 non
324 3406 344 3449 e
363 3383 446 3462 libro
470 3385 533 3452 Ms.
556 3384 744 3471 profectum
766 3409 844 3451 esse
869 3386 1025 3466 arbitror,
1049 3386 1111 3450 sed
1133 3385 1222 3451 hunc
1237 3388 1346 3472 ipsum

230 3504 408 3591 Pomponii
429 3503 538 3569 locum
560 3526 582 3570 a
600 3506 674 3573 viro
697 3505 808 3592 aliquo
832 3507 931 3570 docto
955 3504 1101 3584 laudari,
1128 3509 1184 3593 qui
1206 3507 1346 3572 Plinium

233 3645 370 3712 quoque
392 3625 438 3689 ita
458 3624 640 3708 scripsisse
667 3625 854 3690 coniiceret.
901 3626 1086 3690 Prudenter
1109 3625 1195 3689 enim
1217 3622 1286 3690 Sill.
1310 3647 1344 3708 p.

232 3741 361 3807 XXIX.
382 3742 469 3807 inter
491 3743 594 3829 siglas
606 3743 651 3810 M.
665 3755 698 3810 et
712 3743 753 3812 V.
770 3745 890 3830 quibus
915 3766 997 3810 usus
1020 3755 1073 3810 est
1091 3741 1346 3825 Dalecampius‚

232 3863 282 3926 ita
300 3862 459 3942 distinxit,
483 3872 517 3927 ut
542 3843 648 3927 altera
667 3876 758 3928 certe
779 3863 993 3926 corriecturas
1009 3863 1156 3926 virorum
1174 3859 1346 3922 doctorum

234 3979 417 4064 permultas
440 3982 680 4065 comprehendi
706 3983 906 4046 admitteret.
952 3978 1050 4052 Quod
1079 3978 1125 4040 ita
1151 3997 1190 4040 se
1219 3975 1346 4041 babere

233 4115 321 4183 prae
341 4099 477 4184 reliquis
499 4101 712 4198 annotatione
734 4099 945 4182 Dalecampii
968 4098 1010 4162 ad
1031 4093 1148 4162 Vitta.
1172 4095 1347 4163 confirma·

233 4230 303 4296 tur,
331 4217 389 4284 ubi
416 4218 505 4286 baec
532 4221 672 4306 margini
701 4219 898 4303 adscripsit:
940 4211 1078 4304 „Gufim
1109 4215 1228 4283 Omnia
1256 4217 1346 4282 Man.

235 4337 380 4410 Quidam
414 4339 512 4403 etiam
547 4354 683 4405 veteres
719 4338 861 4416 babent,
898 4329 1057 4401 Phoclo.“
1112 4335 1203 4402 Male
1236 4349 1346 4401 tamen

234 4454 288 4521 ille
318 4456 471 4544 quisquis
497 4456 568 4523 fuit.
619 4458 705 4522 Nam
735 4457 767 4521 id
794 4457 905 4542 potius
933 4454 1014 4518 dixit
1042 4453 1178 4536 Plinius,
1212 4455 1347 4520 Sarma·

235 4586 290 4642 tas
325 4586 510 4662 propterea
538 4578 941 4662 Gynaecocratumenous
975 4571 1155 4658 appellari,
1193 4551 1347 4657 quoniam
