3567 5559
671 565 773 631 liber
792 567 870 632 17.
1264 564 1325 632 1⁸7

255 753 369 854 cipue
396 780 451 830 ex
471 754 675 830 immaturis
701 754 1027 854 intelligimus,
1056 752 1152 829 sicut
1173 753 1221 828 de
1247 778 1323 828 om-

253 891 393 989 pbacio
419 891 628 968 docuimus.

284 1060 447 1127 Verbum
475 1063 683 1152 intellipimus
704 1065 851 1149 ineptum
875 1076 943 1148 est,
969 1085 1046 1129 nam
1070 1063 1179 1129 oleum
1206 1085 1324 1129 sucum

207 1199 280 1244 esse
299 1178 418 1246 olivae
445 1182 581 1246 maturis
605 1182 732 1266 pariter
752 1183 846 1246 bacis
868 1193 968 1267 atque
991 1182 1193 1258 immaturis,
1225 1159 1324 1267 quum

206 1313 417 1382 premuntur,
435 1297 636 1384 intelligitur,
660 1300 911 1387 orationemque
928 1320 1078 1365 mancam
1091 1301 1200 1366 reddit
1214 1314 1248 1366 et
1267 1302 1324 1365 im·

208 1417 409 1500 perlectam,
434 1439 534 1504 qnnm
557 1418 762 1502 praepositio
783 1438 827 1480 ex
845 1417 934 1482 aliud
959 1417 1113 1504 postulet.
1143 1419 1194 1484 Eo
1214 1429 1324 1484 autern

209 1535 279 1599 loco
293 1537 338 1601 ad
352 1557 459 1623 quem
477 1536 638 1601 lectorem
658 1535 764 1602 refert
777 1535 914 1616 Plinius,
936 1537 1009 1622 Xll,
1020 1535 1094 1616 130,
1114 1539 1324 1623 omphacium

213 1653 283 1719 albe
303 1656 383 1722 olea
408 1669 446 1721 et
465 1658 595 1742 druppa
617 1657 758 1741 exprimi
778 1657 930 1741 traditur,
952 1669 987 1721 nt
1003 1659 1323 1742 praestantissimum

213 1772 314 1840 oleum
338 1797 365 1842 e.
382 1764 495 1843 cruda
516 1775 604 1840 oliva
626 1775 796 1861 prolicere
817 1796 922 1860 supra
945 1777 976 1863 §.
989 1777 1019 1840 5.
1042 1785 1206 1842 narratur.
1232 1776 1322 1842 Scri·

214 1894 352 1960 bendum
374 1907 433 1962 est
454 1895 583 1979 igitorz.
710 1950 713 1954 .

646 1976 884 2064 collipirnus,

218 2093 337 2180 syllaba
360 2099 398 2161 in
424 2099 612 2183 eproximo
629 2084 792 2163 vocabulo
815 2099 1000 2187 immaturis
1021 2095 1251 2180 intempestive
1273 2117 1323 2160 re-

219 2215 313 2294 petita
334 2203 545 2300 corruptum.
665 2201 667 2205 ¹

638 2408 683 2479 11
705 2394 899 2482 :ibidem
957 2391 958 2395 ¹
1342 2441 1408 2514 245¹

266 2541 409 2616 omnino
429 2542 540 2635 enim,
563 2553 605 2616 ut
617 2541 878 2641 Theophrasto
890 2543 1026 2643 placet,
1053 2553 1097 2618 et
1123 2545 1195 2621 olei
1213 2565 1324 2620 causa

261 2677 444 2778 calores,
472 2692 586 2778 quare
613 2687 674 2752 rel.

300 2846 424 2914 'l'alem⁴
446 2849 596 2935 Silligius
626 2826 738 2915 locitnr
770 2851 917 2916 exhibuit
942 2864 1041 2916 antea
1073 2852 1118 2916 ita
1150 2853 1323 2937 scripturn:

229 2970 269 3022 ert
279 2963 338 3027 olei
349 2988 455 3030 caasa
471 2967 568 3033 color.
592 2967 746 3034 Codices
759 2982 869 3034 autem
885 2968 948 3035 bas
961 2969 1121 3034 lectiones
1133 2970 1274 3034 hebent:
1293 2977 1327 3033 et

232 3075 283 3156 al),
301 3083 395 3151 deest
417 3087 451 3150 iu
472 3084 534 3169 Td,
556 3084 646 3150 color
667 3105 698 3164 a,
721 3084 845 3150 colores
866 3086 908 3171 D,
929 3086 1019 3150 color
1040 3096 1089 3151 est
1109 3086 1169 3153 no.
1198 3087 1240 3152 Et
1256 3088 1326 3166 sin-

233 3197 477 3288 gulariqnidem
499 3203 755 3288 Theophrastus
776 3203 877 3269 utitur
899 3204 950 3269 De
972 3225 1064 3272 cans.
1075 3205 1176 3290 plaut.
1196 3208 1220 3272 l.
1234 3205 1285 3270 19.
1295 3205 1326 3270 l.

235 3315 362 3393 φαῖνεναι
392 3315 512 3405 odo-ip
539 3325 598 3390 cod
626 3329 752 3412 &epponi
778 3325 876 3410 φύσις
910 3333 1118 3414 δημιουργεῖν
1145 3327 1180 3394 rb
1209 3321 1325 3394 ἔλαιον.

235 3430 334 3522 litque
354 3445 445 3527 apud
469 3443 605 3510 Plinium
626 3446 852 3511 restituendus
873 3455 925 3510 est
948 3446 1058 3512 deleta
1081 3445 1222 3512 molesta
1241 3463 1327 3511 voce

236 3557 270 3627 ⁶³,
286 3576 389 3640 quom,
410 3564 439 3626 si
462 3563 496 3626 in
519 3563 670 3630 omuibus
693 3561 786 3627 libris
805 3561 1221 3647 reperiretur„lereudam
1243 3583 1327 3627 saue

239 3677 454 3760 concederem,
474 3701 564 3743 nnnc
584 3681 618 3742 in
640 3681 838 3764 qrtibnstlam
861 3657 903 3744 ex
927 3681 1041 3744 ultima
1065 3683 1206 3765 proximi
1227 3700 1327 3746 voce-

238 3783 295 3851 buli
317 3793 421 3878 ploret
450 3798 581 3883 syllaba
610 3775 783 3890 repetitam
813 3820 891 3866 esse
925 3801 1103 3868 contendo.
1153 3801 1328 3870 Scribatnr

241 3902 322 3988 igitur
341 3929 495 4002 oportet:
888 4006 890 4009 .

477 4036 593 4122 placet,
613 4035 676 4099 olei
693 4056 796 4098 causo
816 4029 986 4100 colorati
1007 4035 1068 4107 rel.

308 4171 402 4267 §.t-t.
428 4187 562 4272 vulgata
583 4198 616 4252 et
643 4189 818 4272 probanda
848 4177 996 4270 videtur,
1026 4191 1104 4255 item
1126 4189 1156 4276 ς.
1177 4189 1230 4255 55.
1260 4211 1328 4254 esse

244 4285 315 4360 ialso
328 4321 348 4366 a
360 4305 486 4390 Silligio
498 4303 667 4397 insertum,
687 4307 783 4396 §.dil
803 4321 897 4375 recte
918 4310 1007 4374 haud
1032 4310 1129 4376 dubie
1149 4310 1328 4375 Dalecam-

247 4410 306 4490 lll¹⁸
324 4441 381 4503 pro
403 4427 639 4490 onllialrullrioe
658 4451 777 4514 parum
804 4428 884 4514 legit
902 4427 1141 4494 'callistruthiae
1161 4427 1252 4492 houd
1270 4451 1328 4513 po·

249 4541 687 4628 Ν1η,01111111111114).75.
707 4568 736 4610 e.
786 4545 923 4611 Litteris
945 4547 1031 4612 enim
1053 4545 1129 4610 ltioe
1150 4569 1216 4612 vox
1237 4544 1329 4613 laud

251 4641 384 4738 abtorpta
407 4659 478 4726 fnit.
