3567 5559
723 719 813 781 Liber
823 721 946 782 XVIII.
1010 711 1013 716 ¹

724 953 773 1024 78
798 982 836 1015 =
862 950 958 1038 7,18.
1038 949 1041 959 ’

326 1079 459 1159 Grano
490 1080 661 1174 (hordei)
699 1081 769 1181 ipsi
795 1080 935 1179 aliquot
961 1080 1204 1172 dill'erentiae3
1244 1079 1392 1178 lougius

326 1209 533 1313 leviusque
569 1222 632 1290 aut
664 1213 815 1290 brevius
853 1190 916 1289 aut
942 1213 1158 1302 rotundiuS,
1199 1213 1393 1290 candidius

325 1347 552 1446 nigriusque
578 1344 640 1422 vel
668 1341 730 1421 cui
752 1368 913 1445 purpura
941 1352 1018 1444 est3
1040 1323 1173 1421 'ultimo
1190 1348 1237 1422 ad
1262 1345 1393 1447 polen-

265 1566 268 1572 ,
298 1487 417 1570 tam,
446 1487 573 1556 contra
588 1485 828 1578 tempestates
852 1478 1011 1556 candido
1024 1479 1181 1554 maxima
1194 1481 1391 1557 infirmitas.

360 1611 490 1678 Rerum
512 1630 729 1697 generumque
762 1630 844 1696 quae
866 1611 897 1674 h.
920 1611 939 1677 l.
962 1611 1164 1676 cumulantur
1185 1613 1277 1697 copia
1296 1601 1391 1678 libra-

274 1730 342 1792 rios
365 1728 575 1815 perturbatos
596 1747 755 1792 essenon
778 1727 933 1813 estquod
955 1728 1116 1810 miremur,
1139 1736 1173 1794 at
1183 1730 1267 1794 viros
1280 1729 1392 1794 doctos

275 1853 352 1930 post
384 1844 633 1930 Dalecampium
661 1852 694 1908 et
722 1843 907 1909 Pintianum
933 1845 1189 1930 Theophrastum
1211 1845 1298 1910 VIlI.
1321 1848 1349 1912 4.
1372 1848 1392 1932 2

276 1962 318 2026 ad
356 1963 600 2054 emendandum
627 1962 766 2025 Plinium
798 1983 862 2028 non
884 1962 1084 2045 adhibuisse,
1123 1963 1279 2048 Silligium
1296 1984 1391 2059 ‘vero

277 2081 462 2167 lanamque
483 2055 773 2165 interpunctionem
804 2080 850 2143 ita
871 2086 1015 2144 mutasse
1047 2087 1082 2144 ut
1111 2081 1160 2142 vel
1189 2081 1290 2144 maior
1317 2080 1392 2144 inde

277 2205 432 2263 oreretur
464 2198 632 2263 verborum
665 2196 809 2261 confusio
842 2199 920 2261 satis
956 2199 1065 2262 mirari
1098 2217 1234 2282 nequeo.
1285 2201 1392 2282 Atque

172 2336 174 2370 :
277 2314 528 2401 Theophrastus
560 2314 672 2378 hordei
704 2335 805 2399 grana
837 2315 984 2380 bifariam
1016 2314 1120 2378 forma
1151 2323 1183 2378 et
1211 2314 1317 2378 colore
1347 2314 1393 2378 ita

172 2483 174 2489 s
199 2509 202 2514 ,
280 2432 462 2497 distribuit:
484 2437 542 2497 καὶ
560 2429 672 2498 αὐτῶν
694 2432 732 2496 δὲ
758 2437 824 2497 τῶν
846 2438 952 2518 aquid
955 2457 973 2497 v
993 2432 1029 2497 αἱ
1044 2434 1105 2515 μὲν
1118 2434 1393 2522 στρογγυλότοραι

280 2556 339 2615 καὶ
358 2546 521 2626 ἐλάττους
543 2548 578 2613 αἱ
600 2549 639 2613 δὲ
660 2553 924 2635 πουμηκέοτεραι
941 2555 997 2615 καὶ
1022 2552 1154 2632 μείζους
1175 2555 1232 2614 καὶ
1251 2549 1392 2633 μανότε-

281 2691 338 2751 ραι
360 2667 450 2732 κατὰ
472 2667 531 2731 τὸν
553 2662 688 2748 στάχυν.
717 2663 826 2730 ἔτιδὲ
848 2666 883 2731 αἱ
904 2669 966 2750 μὲν
986 2668 1102 2732 λευκαὶ
1123 2665 1159 2730 αἱ
1181 2666 1218 2730 δὲ
1236 2669 1393 2749 μέλαιναι

279 2789 336 2848 καὶ
349 2781 695 2868 ἕπτπορφυρίζουσαι,
708 2784 808 2868 αἵπερ
821 2789 878 2849 καὶ
891 2783 1116 2868 adiudicatus
1129 2783 1288 2848 δοκοῦσιν
1305 2780 1392 2846 εἶναι

282 2900 446 2987 καὶπρὸς
467 2899 544 2975 τούς
566 2904 729 2991 χειμῶυας
751 2901 789 2965 δὲ
810 2907 866 2965 καὶ
886 2902 1125 2983 τὰ’πνεύματα
1152 2905 1208 2964 καὶ
1230 2897 1313 2974 ὅλως
1333 2898 1393 2964 τὸν

283 3013 369 3105 ἀέρα
391 3025 459 3082 τῶν
479 3018 605 3082 λευκῶν
627 3014 848 3102 ἰσχυρότεραι.
893 3016 1061 3102 Sequitur,
1084 3017 1170 3103 apud
1187 3016 1325 3079 Plinium
1348 3015 1392 3079 al·

284 3139 387 3198 teram
417 3133 606 3218 particulam
640 3146 693 3196 aut
714 3131 747 3196 in
769 3134 918 3218 copulam
941 3147 969 3198 et
994 3134 1181 3199 mutandam
1202 3152 1289 3214 esse3
1318 3153 1393 3196 nam

285 3249 446 3316 adiectivo
463 3255 581 3327 loupiac
608 3249 733 3314 Graeca
752 3255 1017 3338 προμηκέοττραι
1044 3257 1101 3318 καὶ
1126 3253 1277 3334 μείζους,
1314 3269 1392 3313 voce

1414 1047 1475 1114 349

284 3343 437 3446 leviusque
472 3387 566 3454 quam
592 3367 683 3430 male
706 3368 869 3432 Straclrius
906 3388 984 3433 voce
1014 3369 1206 3433 Germanica
1234 3368 1393 3452 ,glaetter‘
1420 3417 1424 3422 .

285 3481 514 3568 interpretatus
537 3489 602 3565 est,
633 3484 780 3567 proxima
800 3490 856 3550 καὶ
875 3485 1057 3572 μαυότεραι
1079 3487 1162 3550 κατὰ
1184 3486 1244 3551 τὸυ
1268 3483 1393 3567 στάχυν

287 3599 534 3664 transferuntur:
570 3606 681 3663 contra
708 3602 741 3663 in
774 3599 813 3664 iis
841 3575 924 3686 quae
953 3608 1129 3687 sequuntur
1162 3601 1309 3687 copulam
1336 3620 1394 3678 que

287 3716 436 3780 vitiosam
454 3736 525 3780 esse
554 3704 636 3804 quae
657 3717 691 3780 in
713 3716 823 3780 codice
846 3722 868 3779 D
892 3719 959 3782 solo
981 3714 1152 3803 reperitur,
1183 3707 1304 3782 deinde
1320 3737 1393 3801 pro-

288 3832 392 3898 ximas
412 3853 508 3896 voces
529 3833 576 3897 ita
591 3833 797 3918 porrigendas
820 3855 892 3898 esse
914 3842 949 3898 ut
961 3835 1086 3898 sublato
1104 3834 1198 3897 tertio
1212 3835 1265 3896 illo
1288 3833 1393 3897 colore

289 3950 370 4015 alter
390 3927 626 4035 purpurascere
645 3950 782 4038 dicatur,
817 3951 904 4037 quod
924 3950 1010 4015 facili
1042 3956 1074 4013 et
1095 3951 1183 4014 nulla
1203 3953 1270 4013 fere
1291 3956 1393 4014 muta-

290 4066 376 4131 tione
398 4065 545 4163 efficitur,
568 4066 595 4130 si
617 4067 766 4152 legimus:
789 4073 943 4146 alpriusve
960 4075 1038 4132 velut
1054 4090 1206 4147 purpura.
1227 4070 1393 4132 Postremo

290 4183 410 4268 nigrius
430 4182 586 4247 hordeum
608 4183 745 4247 candido
767 4183 892 4247 duabus
906 4185 1002 4249 rebus
1019 4191 1177 4270 praestat,
1197 4187 1341 4250 utilitate
1364 4193 1395 4248 et

291 4299 448 4365 firmitate.
493 4300 635 4364 Alteram
657 4300 898 4386 Theophrastus
920 4323 998 4376 voce
1025 4306 1250 4389 πολοάλφιτοι
1271 4303 1395 4368 indica·

290 4417 343 4498 rit,
356 4416 478 4481 Plinius
492 4418 645 4502 proximis
660 4418 766 4482 verbis
780 4419 932 4500 definivit,
952 4441 1034 4507 qnae
1048 4421 1094 4484 sic
1106 4427 1199 4484 erunt
1210 4417 1393 4484 scribenda:

290 4543 332 4598 eu
355 4538 537 4597 utilissimum
559 4542 778 4619 eupolemum,
802 4538 935 4604 alteram
956 4539 1083 4603 codices
1101 4533 1407 4638 rectedescribunh
1479 4553 1489 4559 ·

291 4650 412 4724 Quibus
429 4653 668 4738 comprehensis
692 4675 767 4720 ecce
790 4656 867 4720 talia
888 4657 984 4720 Plinii
1005 4655 1104 4720 verba
1124 4652 1298 4739 prodeunt:
