3567 5559
476 557 518 624 33
815 567 822 577 ’
945 555 1044 622 Liber
1064 556 1121 621 11.

476 737 701 823 adscripsisse
724 738 884 805 videatur.
935 738 1042 809 Recte
1063 740 1118 807 ille
1140 741 1272 826 quidem
1299 764 1319 809 e
1345 767 1481 812 suorum
1501 755 1569 809 tem·

475 878 595 944 porum
616 859 747 925 ratione
774 879 817 923 ac
843 880 932 927 vere.
981 860 1067 927 Nam
1093 872 1265 943 postrema
1295 862 1423 946 imperii
1442 862 1570 929 Romani

476 988 588 1044 aetate
598 975 712 1040 Piceni
722 996 844 1041 nomen
863 975 962 1043 larius
979 980 1129 1063 patuisse
1150 988 1263 1043 notum
1287 989 1349 1058 est,
1370 980 1417 1045 ita
1434 993 1469 1046 ut
1482 1002 1572 1067 quon·

475 1101 551 1164 dam
572 1096 670 1161 etiarn
683 1093 883 1161 Sabinorum
897 1118 1014 1183 agrum
1035 1096 1346 1182 comprehenderet.
1373 1100 1482 1174 Quem
1496 1101 1570 1165 Pau·

473 1216 526 1282 lus
557 1214 691 1300 quidem
722 1212 896 1278 Diaconus
921 1216 962 1283 11.
979 1214 1030 1280 20,
1053 1214 1190 1279 Valeria
1224 1218 1386 1282 contineri
1421 1218 1572 1295 narravit,

473 1354 616 1421 quocum
640 1332 830 1397 consentire
854 1332 986 1397 videtur
1010 1331 1111 1397 Notit.
1128 1330 1225 1417 Dign.
1241 1334 1320 1400 Occ.
1338 1356 1365 1401 c.
1379 1336 1429 1401 18.
1445 1350 1481 1403 et
1496 1338 1573 1404 (lod.

474 1454 620 1519 Thedos.
634 1450 690 1514 lX.
710 1449 760 1514 30.
779 1449 817 1529 5,
845 1449 932 1514 sicut
958 1449 1042 1515 liber
1069 1450 1177 1515 colon.
1195 1452 1219 1515 l.
1247 1452 1418 1535 (Gromat.
1436 1469 1516 1525 vett.
1530 1456 1573 1521 ed.

472 1571 675 1637 Lachmann.
705 1568 772 1635 vol.
790 1569 816 1638 l.
842 1567 989 1652 pata),
1016 1590 1126 1655 cuum
1156 1568 1242 1636 liber
1268 1570 1306 1638 ll.
1328 1595 1359 1656 p.
1374 1574 1445 1643 259.
1473 1577 1575 1641 Reate

472 1690 642 1776 oppidum,
662 1689 752 1771 quod
770 1686 927 1752 Valeriae
952 1698 1053 1772 caput
1074 1685 1180 1753 fuisse
1202 1689 1345 1755 coniecit
1355 1693 1575 1779 Boeckingius

471 1813 515 1875 ad
536 1809 611 1874 Not.
632 1830 665 1892 p.
676 1806 751 1886 438,
772 1808 857 1872 inter
878 1806 1031 1871 civitates
1055 1807 1166 1872 Piceni
1187 1820 1368 1875 enumeret.
1420 1811 1492 1875 lam
1508 1812 1577 1875 Nie-

469 1930 608 1997 buhrius
634 1938 759 2005 autem⁴
773 1926 937 2014 Chorogr.
960 1935 1024 1990 ant.
1046 1948 1078 2010 p.
1094 1924 1174 2006 347,
1205 1926 1326 2014 fragm.
1350 1928 1458 1995 Vatic.
1481 1932 1511 2014 §.
1527 1926 1577 1994 35.

469 2052 559 2117 haud
583 2050 681 2115 dubie
703 2068 800 2127 usus,
820 2038 989 2110 Valeriam
1012 2055 1046 2110 et
1069 2045 1226 2112 Picenum
1247 2047 1413 2113 interdum
1436 2050 1482 2113 ita
1503 2067 1579 2111 con·

467 2171 561 2254 iungi
584 2166 827 2242 animadvertit,
848 2176 885 2228 ut
907 2165 1027 2229 Albam
1047 2165 1242 2231 Fucentium
1263 2185 1360 2252 quam
1382 2165 1436 2230 ille
1459 2166 1580 2250 prima·

467 2287 550 2350 riam
573 2282 766 2367 provinciae
789 2278 944 2344 Valeriae
972 2282 1087 2343 urbem
1113 2281 1219 2346 luisse
1242 2284 1436 2359 arbitratur,
1467 2283 1500 2345 in
1531 2301 1583 2346 re·

467 2402 595 2484 scripto
617 2397 802 2482 principum
822 2393 909 2457 Alba
931 2396 967 2457 in
988 2396 1108 2458 Piceno
1131 2395 1329 2481 appelletur.
1374 2396 1586 2463 Universam

465 2540 537 2585 rem
559 2512 948 2601 egregieMommsenius
966 2514 1122 2595 exposuit
1143 2514 1386 2583 indoctissimo
1409 2533 1585 2580 commen·

465 2638 552 2702 tario
576 2636 617 2699 de
638 2633 732 2698 libris
753 2630 956 2696 coloniarum
981 2630 1147 2713 (Grornat,
1169 2630 1233 2698 vol.
1249 2633 1286 2698 ll.
1301 2632 1428 2715 pato).
1467 2632 1582 2706 Quum

466 2754 553 2821 enim
579 2754 657 2819 inde
684 2752 726 2815 ab
753 2770 841 2814 anno
864 2747 936 2812 313.
961 2768 1068 2833 usque
1099 2752 1142 2815 ad
1164 2772 1285 2815 annum
1306 2750 1378 2816 365.
1408 2771 1583 2837 quaecun-

465 2896 530 2961 que
558 2874 643 2939 inter
672 2868 859 2946 Samnium,
886 2870 1116 2953 Campaniam,
1142 2869 1314 2948 Tusciam,
1344 2868 1518 2935 Umbriam
1549 2882 1581 2936 et

464 2994 641 3060 Aemiliam
668 2992 733 3056 sita
761 2998 874 3067 erant,
906 3008 971 3053 uno
996 2987 1178 3053 Flaminiae
1201 2996 1235 3054 et
1261 2988 1375 3053 Piceni
1401 2990 1581 3053 annonarii

464 3132 507 3176 ac
530 3108 750 3176 suburbicarii
773 3109 906 3171 nomine
930 3106 1305 3190 comprehenderentur,
1325 3118 1425 3193 atque
1439 3108 1521 3172 inde
1538 3107 1579 3170 ab

464 3248 554 3292 anno
579 3226 652 3289 365.
683 3242 790 3307 usqne
817 3224 861 3284 ad
886 3242 1009 3286 annum
1037 3222 1109 3288 399.
1138 3225 1204 3289 duo
1236 3227 1431 3307 provinciae
1455 3226 1578 3293 iisdem

463 3343 652 3409 nominibus
676 3340 959 3415 discernerentur,
978 3338 1056 3401 iude
1076 3339 1118 3402 ab
1130 3323 1247 3407 a'399.
1269 3342 1385 3410 Sabini
1401 3345 1580 3430 Marsique

464 3461 632 3527 Valeriam
659 3458 864 3543 provinciam
892 3453 1092 3533 effecerunt,
1122 3456 1247 3523 Piceno
1270 3461 1302 3525 in
1324 3463 1466 3529 artiores
1487 3462 1580 3529 fines

462 3579 610 3643 redacto.
653 3576 738 3641 Hinc
761 3574 951 3639 certissimo
973 3586 1170 3659 argumento
1194 3578 1354 3664 colligere
1375 3581 1471 3659 licet,
1500 3602 1581 3649 ver·

462 3696 570 3763 bisin
591 3695 712 3761 Piceno
734 3714 756 3759 a
778 3692 871 3758 Plinii
902 3703 1014 3757 aetate
1041 3692 1252 3763 alienissimis
1279 3718 1322 3763 eo
1342 3711 1493 3785 tempore
1522 3721 1582 3765 ao·

462 3815 611 3882 curatius
637 3813 750 3880 Velini
776 3812 872 3877 lacus
902 3813 999 3877 situm
1027 3813 1169 3881 indicari
1195 3828 1348 3903 coeptum
1376 3839 1472 3899 esse,
1507 3839 1579 3904 quo

461 3956 545 4020 ager
566 3936 730 4001 Reatinus
750 3935 796 4000 ad
809 3933 966 3997 Picenum
984 3932 1189 4015 provinciam
1212 3938 1417 4020 pertinebat,
1439 3946 1474 4000 et
1496 3949 1579 4003 ante

459 4073 558 4138 quam
580 4074 600 4117 a
624 4055 747 4119 Piceno
768 4049 908 4116 Valeria
933 4065 1163 4136 separaretur.
1206 4054 1340 4138 Scripta
1367 4067 1444 4121 sunt
1473 4056 1580 4142 igitur

458 4172 545 4235 inter
571 4190 695 4235 annum
720 4168 793 4233 313.
821 4178 856 4231 et
879 4166 960 4248 399,
994 4169 1143 4239 fortasse
1176 4173 1262 4238 inter
1290 4194 1320 4239 a.
1337 4172 1410 4239 365.
1438 4184 1474 4238 et
1500 4172 1581 4239 399.

458 4288 559 4363 Quod
577 4288 744 4356 inventum
757 4297 915 4374 quantum
927 4286 972 4351 ad
983 4286 1155 4356 historiam
1177 4288 1335 4357 librorum
1347 4292 1583 4359 Plinianorum

457 4409 648 4475 accuratius
658 4405 925 4490 investigandam
934 4405 1104 4487 conferat,
1118 4427 1206 4473 nuuc
1216 4410 1386 4479 indicasse
1399 4413 1485 4481 satis
1497 4413 1582 4477 erit.

397 4528 440 4595 43
539 4528 577 4593 ln
601 4528 752 4615 proximo
775 4526 946 4595 enuntiato
971 4527 1077 4595 verba
1100 4526 1213 4593 ultra
1234 4528 1478 4597 Surrentum
1504 4552 1585 4597 non
