3567 5559
729 536 831 604 atter
852 540 915 608 VI.
1317 544 1379 612 loa

259 721 331 789 heri
353 739 464 807 posse
480 732 518 787 ut
536 719 695 808 Narraga
718 743 780 808 pro
800 723 905 792 llario
925 723 982 792 illo
1000 723 1182 806 habeatur,
1202 731 1376 814 quodiam

254 840 427 906 Anvillius
438 839 646 918 coniecerat,
665 844 913 910 incertissimae
925 857 1035 910 tamen
1049 845 1264 914 coniecturae
1277 847 1375 916 aliam

251 971 497 1046 superstruere
524 960 751 1044 periculosum
781 964 925 1030 videtur.
980 963 1120 1030 Naarda
1146 967 1249 1051 enirn,
1281 969 1374 1036 cuius

252 1079 459 1165 cognomine
482 1078 641 1164 oppidum
660 1080 801 1159 Noorda
824 1093 918 1147 trans
942 1066 1184 1168 'I'lgrirn'siturn
1206 1087 1295 1171 apud
1310 1087 1372 1153 Zo·

249 1199 376 1263 simum
386 1197 502 1263 11134.
524 1200 700 1279 invenitur,
722 1199 893 1285 Euphrate
915 1212 948 1266 et
969 1202 1089 1268 validis
1111 1203 1284 1270 moenibus
1305 1229 1372 1272 mu-

250 1318 364 1381 nitum
390 1317 468 1397 fuit,
500 1316 543 1383 cf.
568 1318 700 1402 Ioseph.
721 1318 832 1404 Antiq.
857 1319 926 1386 Iu'd.
948 1319 1065 1387 XVIII.
1087 1321 1126 1403 9,
1157 1302 1396 1409 Ilippareno-'⁴

252 1455 333 1500 rum
351 1448 457 1500 autern
484 1456 601 1502 muros
627 1458 649 1503 a
671 1437 785 1504 Persis
816 1439 943 1505 dirutos
974 1461 1052 1506 esse
1082 1441 1217 1526 losephl
1248 1463 1370 1530 aequa·

251 1552 298 1620 Iis
326 1553 451 1621 Plinius
475 1555 596 1636 refert,
634 1557 802 1643 aDario,
836 1569 872 1623 ut
892 1557 1040 1638 videtur,
1078 1559 1259 1647 Hystaspis
1289 1561 1368 1644 filio,

248 1673 309 1758 qui
329 1675 432 1740 etiam
450 1673 635 1762 Babylonis
657 1699 771 1744 muros
794 1678 925 1754 deiecit,
948 1677 990 1746 cl.
1001 1678 1128 1748 Herod.
1146 1681 1199 1748 III.
1222 1681 1282 1748 159
1304 1684 1367 1769 (in-

248 1793 397 1860 teriores
413 1806 507 1878 puto,
528 1816 627 1880 quum
640 1795 750 1882 Cyrus
773 1799 961 1863 exteriores
982 1807 1109 1862 tantum
1133 1800 1276 1866 diruisse
1298 1807 1368 1868 tra·'

248 1911 351 1977 datur
366 1911 530 1979 aBerosu
544 1914 633 2001 apud
647 1915 781 2000 Ioseph.
794 1916 959 2000 cApion.
972 1917 1072 2002 lad),
1096 1917 1245 1982 sortasse
1260 1919 1367 2003 Agra·

245 2032 317 2095 nim
344 2051 480 2117 quoque
502 2031 636 2114 delevit,
658 2034 744 2122 cI.§.
757 2034 825 2101 120.
860 2034 991 2101 Deinde
1012 2035 1163 2120 Hippara
1184 2055 1249 2099 non
1263 2036 1366 2102 Grae.

247 2171 331 2215 cum
344 2151 606 2218 sodSemiticum
620 2175 743 2220 nomen
765 2174 844 2220 esse
865 2155 1022 2238 arbitror,
1044 2174 1142 2240 quum
1156 2165 1188 2220 et
1198 2155 1366 2240 Borsippa

249 2279 290 2334 et
316 2269 350 2333 in
377 2269 493 2336 Africa
522 2271 634 2358 Hippo
663 2275 805 2339 eundern
832 2274 982 2340 radicem
1011 2275 1141 2360 prodat.
1203 2273 1364 2340 Harduini

246 2389 466 2456 coniecturae
488 2394 596 2479 magis
617 2415 670 2459 me
697 2393 815 2459 lavere
841 2393 965 2463 fateor.
1010 2393 1163 2480 Namque
1184 2406 1217 2459 et
1240 2415 1362 2480 magna

244 2509 425 2595 utriusque
444 2512 586 2579 nominis
609 2525 662 2578 est
683 2513 859 2579 similitudo
881 2524 915 2579 et
929 2511 1161 2598 Borsippenos
1176 2513 1361 2580 Chaldaeo-

244 2650 322 2693 rum
349 2630 504 2695 doctriua
537 2630 738 2698 inclaruisse
768 2641 911 2697 constat.
967 2633 1152 2697 Praeterea
1179 2631 1360 2716 Borsippa,

245 2769 267 2814 a
289 2749 385 2836 Cyro
408 2749 575 2836 quondam
602 2750 775 2817 obsidione
797 2753 923 2829 cincta,
952 2751 1017 2814 iam
1040 2749 1225 2815 Alexandri
1247 2761 1360 2814 aetate

244 2871 412 2951 „deserta
423 2869 524 2934 olim“
546 2868 618 2949 fuit,
638 2868 681 2936 cI.
694 2871 807 2936 lustin.
818 2870 893 2936 XII.
909 2867 961 2947 13,
982 2887 1004 2932 a
1017 2869 1131 2935 Persis
1153 2866 1286 2931 scilicet
1305 2867 1360 2934 de·

212 2987 216 2992 ’
242 2989 327 3054 leta.
370 2988 545 3054 Postremo
566 2989 673 3054 ordini
694 3009 792 3076 quem
814 2990 846 3052 in
868 2986 1092 3052 describenda
1113 2967 1361 3069 Mesopotamia

248 3107 379 3170 Plinius
398 3108 567 3194 sequitur,
589 3108 691 3174 multo
713 3105 831 3172 melius
855 3105 1037 3189 respondet
1051 3103 1238 3188 Borsippae
1260 3121 1359 3189 qoam

246 3225 497 3291 Naarmalchae
517 3226 648 3295 vicinia.
692 3227 861 3311 Coeperat
883 3226 969 3292 enim
990 3227 1018 3314 §.
1031 3225 1103 3291 119.
1119 3247 1138 3290 a
1153 3225 1357 3310 Nicephorio

245 3345 452 3431 Euphratem
479 3344 613 3431 legere,
644 3347 734 3412 unde
755 3347 798 3409 ad
820 3346 1069 3413 Naarmalchan
1099 3358 1131 3412 at
1153 3344 1357 3432 Babylonem

246 3464 424 3530 descendit
445 3475 546 3552 atque
568 3477 646 3552 post
659 3465 874 3552 Hipparenos
888 3466 1069 3533 Orcheuos
1091 3477 1124 3532 et
1143 3463 1209 3530 alia
1232 3464 1358 3548 oppida

246 3583 438 3650 Characem
461 3606 582 3652 versus
603 3599 785 3654 enumerat.
815 3587 933 3673 Neque
952 3587 1069 3654 lassae
1092 3587 1223 3662 desunt,
1237 3585 1357 3671 quibos

245 3703 438 3770 Naarsares
465 3724 542 3770 oum
572 3703 745 3789 Euphrate
775 3707 1061 3790 coniungebatur,
1093 3724 1231 3789 quarum
1257 3722 1356 3768 unam

246 3822 431 3908 Hipporum
453 3820 561 3888 fuisse
583 3834 846 3909 consentaneum
870 3833 970 3888 esset.
1001 3822 1160 3887 Attamen
1182 3821 1356 3904 quominus

247 3941 389 4025 pedibus
409 3942 443 4006 in
465 3940 627 4006 Harduini
651 3943 849 4007 sententiam
868 3952 1038 4004 transeam
1060 3936 1227 4001 nominum
1250 3937 1356 4002 diuer-

249 4061 333 4123 sitas
353 4080 404 4124 me
426 4061 559 4126 retinet.
607 4061 714 4135 Quem
738 4062 823 4126 enirn
845 4060 1066 4126 Pallacottam
1086 4055 1251 4123 Arrianus
1272 4055 1355 4142 Exp.

246 4179 343 4248 Alex.
360 4178 430 4246 VII.
441 4177 499 4257 21,
522 4179 734 4245 Ptolemaeus
755 4179 962 4246 Nuarsarem
983 4188 1101 4258 vocat,
1130 4177 1271 4242 eundem
1291 4175 1356 4241 Pli-

246 4301 318 4365 nius
340 4299 529 4383 Narragam
551 4297 806 4382 velNarrogarn
828 4299 848 4365 i.
864 4320 893 4366 e.
915 4298 1038 4364 flumen
1060 4296 1205 4364 scissum
1228 4295 1355 4361 dixisse

247 4418 414 4503 putandus
433 4430 544 4503 esset,
564 4420 697 4483 nomiae
720 4439 804 4484 sane
826 4419 1016 4505 aptissimo,
1036 4417 1193 4502 quoniam
1215 4431 1356 4481 revera

246 4537 438 4624 Euphrates
457 4537 492 4603 in
512 4537 627 4606 fossas
645 4539 816 4604 scinditur.
