3567 5559
444 737 487 810 68
891 744 983 806 Liber
1009 741 1102 808 XIX.

443 937 602 1026 positione
622 937 777 1004 utendum
799 958 872 1004 esse
900 937 1035 1004 arbitror
1057 937 1203 1026 duosque
1232 959 1338 1005 versus
1358 958 1378 1002 e
1401 937 1533 1022 margine

443 1063 653 1143 praepostero
674 1056 745 1123 loco
764 1057 799 1120 in
819 1055 908 1120 aliud
931 1075 969 1120 ac
990 1075 1048 1141 par
1071 1063 1140 1121 erat
1160 1049 1272 1123 lolium
1293 1056 1536 1140 transmigrasse.

443 1176 494 1240 Ita
515 1174 544 1258 ξ.
566 1172 805 1243 3361331333
828 1172 969 1238 dicetur:

485 1294 545 1372 Qui
557 1296 689 1368 seminat
710 1311 735 1356 c.
757 1312 786 1355 o.
808 1296 826 1354 ι’.
847 1295 879 1356 b.
902 1311 928 1356 a.
949 1313 975 1356 a.
997 1297 1016 1356 i.
1038 1297 1154 1370 cogito,
1186 1297 1218 1355 ia
1239 1294 1319 1355 bunc
1338 1313 1357 1353 a
1378 1296 1464 1356 coita
1484 1309 1540 1353 333

483 1427 622 1488 ceperas
643 1399 861 1490 circumegerit,
881 1411 1013 1486 seminus
1034 1419 1195 1488 conceptor
1214 1429 1279 1472 ease
1298 1415 1380 1474 sotto.

361 1583 423 1659 379
865 1547 938 1622 334
951 1548 1126 1635 =34‚77.
1253 1655 1257 1661 Ι

492 1674 723 1754 Praedoctus
748 1681 849 1753 estc:
895 1673 966 1752 3113
992 1676 1154 1753 robustis
1187 1683 1359 1776 prosunt,
1398 1674 1544 1752 311313-

494 1808 667 1886 lantibus,

375 2027 380 2034 ἱ
527 1947 705 2007 Praedictoa
741 1960 770 2024 a,
813 1944 994 2004 praedictus
1025 1939 1104 2004 Tc.
1133 1940 1154 2004 i.
1188 1960 1214 2004 e.
1243 1946 1436 2021 praedictum
1469 1935 1544 2022 quod
1606 1987 1607 2000 2

444 2060 635 2128 vocabulum
656 2079 721 2123 non
747 2076 820 2121 raro
843 2056 928 2141 apud
945 2056 1088 2121 -Plininm
1118 2058 1291 2141 reperitur,
1322 2079 1393 2123 cum
1417 2057 1544 2120 alterurn

416 2256 420 2263 .
446 2199 615 2264 nusquam,
636 2176 698 2241 nisi
720 2175 824 2271 fallor,
845 2175 981 2260 legatur.

865 2332 1129 2419 341=35,78.
1485 2323 1495 2335 ‘

496 2411 735 2561 quamobrem
770 2467 806 2538 et
843 2461 938 2538 hacc
974 2461 1135 2539 breviter
1166 2460 1380 2561 attingimus
1406 2503 1454 2516 -
1480 2453 1543 2556 pri·

495 2617 668 2695 mumque
695 2618 717 2670 3
742 2592 822 2672 3313
850 2595 1038 2694 capiemus
1065 2594 1270 2694 praesagia.

529 2727 691 2794 Orationis
712 2726 909 2792 concinnitas
929 2726 1071 2812 postulat
1093 2731 1129 2792 ut
1145 2726 1301 2791 scribatur
1321 2733 1525 2806 attingemus.

362 2899 424 2970 381
842 2860 1127 2982 ⁴351=aasc
1209 2990 1212 2996 ¹

496 3021 536 3099 Si
561 3044 628 3098 ver
641 3028 678 3098 et
704 3028 825 3100 aestas
851 3047 927 3103 333
952 3024 1032 3100 sine
1056 3023 1165 3123 ¹riguo
1192 3022 1316 3122 aliquo
1328 3015 1540 3100 transierint

388 3229 420 3247 ,,
496 3161 709 3231 autumnum
734 3177 905 3233 serenum
932 3179 977 3234 33
1004 3155 1161 3233 densum
1191 3199 1236 3210 -
1261 3153 1407 3232 facient.

528 3286 592 3350 Pro
625 3308 656 3352 v.
690 3292 812 3352 dmum
847 3289 975 3354 Hoffius
1007 3289 1041 3352 in
1064 3287 1165 3354 diurn.
1201 3287 1298 3374 antiq.
1322 3288 1405 3356 1854
1435 3307 1466 3372 p.
1488 3277 1540 3348 701

446 3409 533 3468 recte
567 3413 677 3466 terrum
720 3404 873 3487 coniecit,
910 3413 999 3485 riguo
1027 3395 1128 3490 ¹quod
1174 3379 1357 3490 corruptum
1389 3424 1462 3469 esse
1483 3393 1542 3462 Sill·

446 3519 586 3600 viderat,
623 3518 691 3582 Ian.
713 3519 871 3599 inrigare
893 3523 1046 3604 correxit,
1079 3521 1203 3586 facilius
1235 3521 1410 3586 mutabitur
1443 3523 1476 3584 in
1492 3516 1541 3591 ἶνί-

445 3657 529 3720 pore,
551 3637 641 3701 cuiue
667 3637 755 3701 vocis
765 3637 868 3722 prima
884 3639 991 3703 littera
1003 3637 1115 3702 ultima
1128 3639 1293 3723 proximae
1314 3644 1378 3704 3133
1399 3637 1540 3718 absorpta

383 3757 388 3764 ’
448 3763 512 3838 est,
540 3755 612 3819 finis
634 3755 667 3818 in
683 3754 927 3839 similitudinem
955 3756 988 3819 in
1016 3757 1178 3842 sequentis
1198 3755 1434 3842 terminationis
1463 3747 1539 3816 abiit

449 3873 553 3960 Supra
565 3894 638 3938 cum
650 3872 700 3938 ed.
723 3872 835 3938 Dalec.
850 3873 978 3954 qaorum
992 3893 1010 3937 e
1024 3873 1102 3938 cod„
1118 3894 1138 3938 a
1160 3873 1242 3958 lego,
1266 3874 1294 3956 ἓ.
1307 3873 1369 3942 337
1387 3873 1538 3958 vulgatam

447 3992 618 4058 lectionem
637 3997 741 4075 ettam,
762 3991 833 4060 cod.
849 3973 877 4057 'd
901 3991 1135 4076 confirmatam,
1162 3991 1272 4077 probo.
1356 4053 1361 4068 ,

362 2389 425 2462 380

905 4275 984 4352 blll.
1010 4275 1093 4353 XIX.

489 4471 662 4557 Aliquanto
684 4467 892 4554 locupletiore
917 4477 949 4535 ct
981 4471 1113 4535 meliore
1135 4471 1283 4538 adhunc
1305 4472 1420 4537 librum
1442 4483 1535 4537 ernon·

450 4589 592 4656 dandum
607 4587 830 4651 instrumento
858 4587 906 4651 uti
932 4585 1049 4652 licebit.
1087 4585 1175 4650 Nam
1195 4597 1324 4672 praeter
1355 4589 1536 4656 33113333

450 4709 541 4793 parvi
566 4705 748 4772 faciendum
778 4703 899 4791 insigni
931 4703 1121 4770 auctoritate
1151 4703 1428 4793 Pseudo-Apuleii
1464 4705 1535 4784 aar·
