3567 5559
648 549 751 618 lidan
770 549 860 618 1112
1249 551 1313 618 m

210 741 375 799 tentarunt.
397 731 444 798 Et
458 731 612 820 Scaliger
631 735 764 823 quidem
786 735 865 824 qaid
884 735 988 802 aerim
1007 733 1161 821 vuluerit,
1180 737 1313 818 nesam

209 861 238 915 at
248 849 451 938 reliquorum
473 853 649 917 conamina
671 865 807 938 praeter
828 877 927 921 unum
943 855 1129 922 Pintianum
1142 853 1238 939 parvi
1253 875 1311 920 ae·

208 969 305 1033 stimo.
351 967 553 1034 salmasium
576 970 769 1036 nominasse
787 970 949 1058 sufficiet,
977 971 1032 1058 qui
1046 994 1078 1058 p.
1087 971 1159 1040 362.
1174 972 1311 1056 scripsit

209 1086 356 1152 larianum
377 1098 499 1154 uocum
521 1062 620 1154 liniam
637 1093 775 1180 pinque:
797 1091 829 1154 ei
848 1090 1009 1156 insideres
1032 1089 1130 1185 idque
1150 1087 1309 1174 rel.,·Du·

208 1204 418 1291 lecumpium,
446 1211 500 1294 qui
523 1210 556 1274 in
579 1212 728 1296 margine
756 1210 842 1277 alios
867 1210 994 1277 habere
1024 1219 1179 1276 annotat:
1211 1207 1310 1272 liuius

209 1319 287 1406 soiir'r
302 1325 426 1412 pinque
447 1347 545 1414 super
564 1349 636 1391 eum
657 1325 810 1409 narbam,
831 1328 905 1412 ipse
929 1327 1061 1400 coniicit
1086 1336 1243 1414 attractos
1258 1315 1315 1414 fn-v

209 1441 321 1505 reiculos
334 1439 461 1506 derlee
479 1445 512 1506 ei
529 1443 669 1508 ndooim'.
709 1444 839 1528 Nempe
861 1443 929 1509 hoc
951 1455 1004 1509 est
1024 1443 1226 1529 interpolare
1244 1463 1309 1508 nec

211 1581 282 1624 vero
301 1564 494 1628 emendare.
536 1563 725 1628 Modestius
738 1562 884 1648 Silligius
900 1563 1038 1628 Plinium
1059 1563 1105 1628 ita
1126 1561 1309 1645 scripsisse

212 1677 338 1745 coniecit
366 1679 470 1744 liuius
488 1682 604 1771 pinpai
620 1682 790 1767 insidiari3
818 1683 928 1779 itaque
944 1683 1020 1762 rel„
1041 1701 1156 1747 verum
1177 1693 1211 1746 et
1227 1681 1308 1748 dure

213 1793 346 1862 homines
368 1797 599 1885 intelliguntur
626 1821 765 1886 quorum
788 1818 954 1887 nusquam
978 1799 1101 1866 mentio
1124 1798 1216 1866 foeta
1244 1809 1308 1882 est,

215 1923 242 1977 et
261 1914 382 1982 insidiis
407 1917 441 1982 in
472 1937 511 1983 re
532 1928 599 1983 tam
621 1918 800 1986 manifesta
819 1918 918 1987 locus
940 1937 1008 1984 non
1029 1929 1093 1984 est.
1140 1916 1310 1985 Pincianus

215 2041 308 2096 autem
326 2053 392 2118 qua
408 2045 486 2100 erat
505 2033 629 2121 ingenii
649 2034 820 2115 felicitate,
841 2034 896 2101 hic
916 2055 1048 2124 qnoque
1071 2045 1104 2102 et
1123 2035 1179 2100 ubi
1197 2034 1309 2098 vitium

217 2153 421 2229 quaerendum
434 2162 541 2232 esset,
563 2164 659 2218 recte
672 2153 841 2240 indagavit
858 2165 892 2219 et
907 2163 999 2218 recte
1012 2152 1211 2237 emendavit,
1232 2151 1310 2215 dum

219 2266 317 2330 scribit
335 2266 427 2332 irnic
448 2268 570 2356 pinque
592 2269 745 2332 inridere.
788 2269 837 2333 lta
858 2271 945 2334 enim
966 2268 1110 2356 loquitur
1131 2291 1228 2356 quem
1246 2268 1309 2335 Pli-

219 2380 281 2444 nius
299 2398 467 2452 auctorem
496 2398 574 2450 ante
602 2383 721 2452 oculos
747 2385 875 2472 habuit,
905 2385 1127 2452 Dioscorides
1153 2386 1207 2453 De
1228 2396 1308 2454 mat.

221 2502 321 2568 nedl.
333 2505 399 2572 128.
420 2499 502 2572 ἔνιοι
517 2502 552 2573 δὲ
566 2503 623 2572 xci
644 2487 778 2589 σχοινία
797 2506 985 2591 ε’πισύρουσι
1006 2513 1069 2583 τοῖς
1081 2501 1231 2590 θάμνοις,
1251 2498 1309 2570 arci

223 2613 250 2681 ni
273 2622 496 2704 προσπλασξοέυ
526 2621 636 2701 αὐτοῖς
663 2621 752 2703 λίπος
776 2623 996 2711 ἅποξύσαυοες
1021 2622 1308 2691 ἄναπλάσσουσιν·

223 2744 250 2797 et
263 2755 355 2821 supra
372 2740 455 2806 folia
475 2719 624 2825 λιπαρἴς
644 2737 733 2818 τινὰς
752 2739 840 2808 κατὰ
862 2737 897 2808 rd
919 2735 975 2827 ἔαρ
997 2739 1200 2826 ἐπισπώμενα
1221 2759 1310 2804 com·

224 2867 366 2926 memorat.
405 2858 499 2925 Voci
520 2857 618 2942 igitur
636 2856 746 2934 αὐτοῖς
761 2857 945 2942 respondet
960 2857 1051 2942 apud
1065 2855 1203 2921 Plinium
1223 2853 1310 2935 lrur'c,

224 2977 426 3054 amoniaca&
451 2988 503 3041 ast
523 2975 682 3051 insiderr3
706 2973 796 3052 λίπος
816 2988 928 3040 antem
948 2975 1020 3042 sive
1040 2971 1172 3060 λιπαρία
1190 2973 1311 3061 pinque

227 3096 374 3159 convertit.
418 3095 475 3161 Nil
496 3107 606 3161 autem
632 3092 765 3160 facilius
788 3095 930 3179 cogitari
954 3105 1065 3180 potest
1086 3113 1185 3179 quam
1209 3103 1244 3158 nt
1267 3112 1311 3157 ex

227 3225 282 3269 mm
299 3215 379 3297 qood
401 3215 436 3281 in
450 3212 637 3300 archetypo
658 3211 765 3279 luisse
788 3224 1049 3280 consentaneum
1073 3225 1136 3292 est,
1158 3225 1311 3279 oreretur

228 3320 309 3394 hui‘l.
338 3334 434 3408 Quod
458 3333 608 3420 sequitur
630 3334 833 3398 enuntiatum
847 3331 876 3420 §.
889 3331 942 3424 76,
966 3329 1132 3417 aSilligio
1154 3332 1311 3397 emenda·

230 3449 281 3508 tum
295 3460 349 3533 est,
368 3453 432 3518 nisi
455 3452 543 3538 quod
565 3462 643 3516 ante
665 3449 725 3513 olii
743 3447 943 3515 vocabulum
964 3450 1110 3542 utquod
1131 3449 1184 3516 ille
1197 3448 1311 3540 delere

230 3558 320 3642 voluit,
340 3571 447 3652 potius
474 3571 507 3635 in
539 3577 580 3632 at
600 3564 789 3633 mutandum
817 3567 957 3634 videtur.
998 3569 1034 3633 ln
1056 3570 1208 3653 proximo
1230 3577 1310 3652 puto

232 3675 459 3771 dittographiam
472 3706 524 3752 me
535 3685 809 3771 deprehendisse.
837 3687 923 3751 Nam
936 3687 1023 3771 quod
1040 3665 1197 3751 ladanum
1220 3685 1312 3748 adul·

233 3799 337 3863 lernnn
353 3810 452 3891 myrta·
469 3804 558 3868 inem
577 3811 610 3868 et
630 3801 704 3866 aliis
728 3800 922 3864 animalium
942 3800 1105 3880 sordidam,
1127 3803 1160 3866 id
1177 3801 1312 3866 Graece

232 3905 353 3985 f⁰rlusse
373 3936 467 3988 recte
487 3923 667 3999 diceretur,
687 3919 777 4007 apud
789 3918 942 3983 Latinum
960 3919 1158 4002 scriptorem
1178 3917 1312 3983 tolerari

234 4035 332 4116 nequit.
357 4040 510 4108 Deleuda
529 4051 583 4109 est
602 4042 702 4126 igitur
722 4060 791 4106 vox
813 4036 908 4102 aliis
928 4036 1024 4104 efine
1044 4036 1218 4124 proximae
1240 4036 1312 4100 nni·

233 4150 359 4221 mitam
378 4177 462 4228 orta.

632 4349 808 4445 86:19,
821 4349 883 4426 42.
1328 4395 1392 4460 213

274 4529 317 4552 -
338 4495 613 4580 inenarrabilem
634 4501 818 4602 quendam
842 4498 1092 4580 universitatis
1115 4498 1267 4574 halitum
1291 4518 1313 4567 e
