3567 5559
306 745 311 752 ’
400 729 463 802 200
827 732 917 794 aroer
937 729 1079 792 xxxa.
1191 809 1199 821 N

403 931 445 1014 ‚id
460 928 589 1018 quidem
603 967 637 976 —
652 928 831 994 maluerim‘
852 927 893 993 ad
916 928 1050 993 alteram
1072 927 1186 992 codem
1208 925 1362 990 adverbia
1383 924 1512 1008 ,aeqne‘
1592 912 1593 955 ³

402 1049 564 1116 transitur.
606 1047 854 1132 Bambergensis
878 1052 984 1110 autem
1015 1045 1120 1110 scriba
1141 1065 1237 1131 quum
1267 1045 1364 1109 eiiam
1386 1044 1423 1107 in
1447 1041 1515 1105 fine

402 1175 476 1255 post
496 1189 526 1231 r.
549 1165 708 1246 ‚diximus‘
735 1165 821 1230 male
849 1163 1010 1229 addiderit
1032 1165 1151 1248 ‚pisae‘,
1182 1165 1216 1226 in
1243 1161 1353 1226 media
1380 1180 1515 1249 quoqne

403 1284 562 1350 sententia
583 1303 737 1368 peccasse
758 1282 895 1370 videtur,
917 1283 1035 1368 optime
1058 1281 1156 1346 ceteri
1174 1280 1299 1367 syllaba
1320 1279 1431 1345 addita
1455 1300 1515 1342 on·

402 1409 510 1481 outline
531 1406 590 1464 hoe
612 1400 771 1466 exhibent.
805 1401 877 1476 Qua
897 1400 1034 1484 lectione
1056 1406 1186 1485 recepta
1206 1398 1409 1464 scribendum
1431 1398 1513 1462 erit:

444 1524 481 1582 E.
503 1540 541 1583 m.
574 1540 599 1582 o.
619 1540 651 1598 p.
678 1525 698 1584 i.
722 1540 754 1598 p.
776 1540 806 1597 q.
832 1524 863 1584 C.
885 1524 974 1600 vitiis,
996 1538 1114 1596 aeque
1136 1528 1247 1582 ueteres
1269 1522 1449 1597 prodidere,
1481 1522 1513 1578 in

443 1642 559 1716 scaonis
585 1656 646 1701 non
669 1643 796 1716 pucina
823 1641 976 1716 admirati,
997 1613 1015 1698 i.
1042 1639 1153 1700 Heloro
1175 1640 1208 1700 S.
1231 1657 1257 1700 e.
1280 1658 1310 1700 n.
1334 1657 1367 1716 p.
1392 1641 1422 1702 S.
1443 1642 1465 1700 i.
1491 1641 1512 1696 i.

446 1761 478 1820 L.
491 1760 516 1820 Ι,
524 1760 610 1833 sonte
631 1761 818 1834 onouillos
833 1793 873 1802 -
887 1758 958 1817 Irae
979 1775 1005 1820 e.
1028 1759 1047 1819 i.
1071 1774 1100 1816 a.
1120 1764 1229 1832 pauni
1243 1791 1270 1801 --
1297 1759 1429 1828 similiter
1447 1751 1512 1818 rel.

372 1934 376 1942 .
486 1875 515 1959 §.
539 1874 579 1940 17
600 1881 675 1958 post
696 1896 725 1938 v.
745 1885 858 1952 parent
878 1869 1125 1957 interpungatur
1146 1851 1287 1954 oportet,
1313 1873 1340 1956 ἕ.
1359 1874 1399 1939 1s
1422 1877 1509 1952 Scyl·

404 1998 452 2055 loe
472 2012 531 2077 pro
553 1996 677 2056 Siciliae
699 1990 779 2076 lego.
804 1991 831 2072 ἓ.
846 1991 887 2057 33
908 2012 936 2054 v.
960 1996 1035 2054 rolin
1055 2009 1139 2075 pone
1159 2011 1187 2053 v.
1211 1995 1367 2076 oculorum
1390 1967 1506 2053 nonin

404 2108 534 2173 alterius
554 2115 679 2174 tantum
705 2107 846 2172 familiae
872 2108 962 2172 libris
991 2107 1048 2172 sad
1083 2107 1179 2171 etiam
1208 2107 1241 2170 in
1262 2106 1376 2173 Bamb.
1401 2105 1505 2187 deest3

402 2245 478 2288 nam
507 2246 525 2288 e
552 2226 665 2310 Silligii
692 2226 760 2290 Iani
794 2225 893 2310 copiis
929 2225 1006 2289 satis
1050 2225 1249 2309 negligenter
1291 2225 1342 2287 usi
1381 2223 1504 2287 silentio

404 2362 482 2405 cave
504 2343 677 2428 quidquam
700 2343 842 2427 colligas.
864 2342 958 2416 Quod
980 2342 1042 2413 nisi
1063 2342 1094 2404 in
1118 2341 1233 2406 ceteris
1255 2341 1344 2405 libris
1366 2347 1503 2419 suffusio·

402 2478 513 2536 necque
533 2458 709 2544 legeretur,
737 2461 1008 2545 praepositionem
1031 2472 1139 2550 eontra
1159 2459 1208 2523 bis
1231 2459 1413 2542 ponendam
1434 2479 1503 2523 esse

331 2623 334 2628 ·
403 2576 630 2658 existimarem,
652 2597 738 2641 nunc
759 2577 889 2641 verbum
913 2578 1072 2642 excidisse
1095 2576 1247 2641 concedo.
1290 2578 1341 2641 Ita
1362 2581 1394 2640 in
1417 2579 1442 2660 ἓ.
1463 2577 1502 2642 34

403 2714 497 2779 quem
520 2715 648 2758 sensum
672 2698 768 2759 Ianus
790 2695 973 2779 emendavit
1001 2717 1065 2758 non
1087 2700 1146 2758 boo
1168 2715 1209 2758 ex
1229 2700 1285 2758 beo
1307 2694 1366 2758 sed
1387 2699 1444 2782 bec
1463 2713 1502 2756 ex

402 2816 461 2877 boc
482 2811 603 2876 scotum
625 2819 690 2893 est,
720 2835 748 2876 v.
772 2817 947 2890 effieariore
968 2833 988 2876 a
1009 2834 1051 2876 m.
1076 2815 1092 2877 1
1115 2817 1316 2889 efficaciorem
1338 2811 1502 2875 manifesto

406 2931 558 3014 scriptum
582 2936 665 3012 erat,
705 2937 819 3014 postea
848 2931 881 2993 in
903 2951 1015 3013 rasura
1038 2949 1055 2992 e
1078 2930 1179 2994 tribus
1207 2929 1334 2994 litterae
1356 2950 1389 2992 m
1410 2927 1503 3014 signis

405 3047 551 3110 ultimum
581 3067 726 3128 erasum,
759 3047 899 3110 medium
929 3054 961 3110 et
987 3047 1123 3131 primum
1149 3047 1182 3110 in
1210 3059 1239 3109 st
1264 3051 1421 3111 mutatum
1451 3055 1504 3107 est.

405 3162 528 3226 Ibidem
550 3185 614 3227 non
638 3169 834 3227 demonstrent
861 3164 920 3228 sed
940 3171 1027 3228 recte
1050 3169 1254 3228 demonstrant
1280 3164 1432 3249 scriptum
1454 3182 1504 3225 ex·

360 3316 363 3322 ·
406 3286 478 3344 stat.
507 3281 536 3364 ὃ.
559 3284 598 3347 41
621 3302 685 3345 non
706 3282 736 3344 V
757 3288 880 3346 tantum
902 3281 961 3345 sed
983 3282 1079 3345 etiam
1101 3280 1128 3344 B
1150 3280 1248 3364 habet
1268 3286 1442 3359 sanquinem
1462 3286 1505 3344 in·

404 3403 467 3478 lini,
489 3398 517 3480 ξ.
539 3399 580 3463 48
597 3397 640 3461 Β2
662 3419 726 3461 non
744 3405 931 3476 fluriiaiilium
952 3398 1013 3463 sed
1030 3405 1228 3477 siuioiiliiium.

321 3558 385 3643 708
702 3538 746 3610 61
766 3571 799 3599 =
814 3539 908 3623 621.
939 3534 1007 3626 (de
1035 3533 1205 3626 ostreis).

454 3666 610 3742 Addunt
626 3666 819 3768 peritiores
833 3673 967 3756 notam,
996 3667 1179 3744 ambiente
1195 3690 1380 3767 purpureo
1410 3665 1506 3742 crine
1608 3755 1609 3782 Ν

455 3800 575 3877 fibras.
682 3829 688 3834 ·

177 3646 193 3681 N

487 3938 660 3996 ambientem
682 3934 709 3996 Β
732 3932 761 3993 V
782 3933 822 4012 ll,
841 3936 960 4008 stibna
983 3931 1011 3994 V
1034 3939 1066 3996 et
1087 3953 1128 3996 an
1150 3937 1183 3996 te
1204 3953 1350 3996 rasuram
1363 3930 1404 4012 B,
1425 3928 1506 3994 unde

406 4047 590 4110 concinnior
610 4050 706 4113 lectio
728 4050 855 4135 prodire
878 4048 1018 4112 videtur:

447 4168 636 4227 ambientem
652 4187 809 4245 purpureo
833 4173 918 4230 crine
937 4169 1070 4242 fibram.

323 4277 384 4347 709
852 4287 899 4360 68
915 4313 945 4342 =
962 4288 1056 4372 723.
1115 4315 1117 4326 ·

457 4412 649 4504 ὃοῑηαῑίυε
674 4420 808 4488 tantam
840 4414 910 4490 vim
938 4413 1284 4514 (sanguisugarum)
1315 4414 1414 4491 hanc
1439 4423 1505 4491 tra-

457 4549 508 4624 du
535 4555 590 4637 ut,
630 4547 699 4624 nisi
726 4545 847 4624 oleum
863 4571 941 4633 ,ore
969 4548 1181 4625 contineant
1206 4569 1301 4645 qaae
1328 4547 1503 4646 tinguent,

457 4669 589 4755 dentes
616 4703 764 4778 quoque
792 4704 915 4755 earum
944 4680 1127 4776 denigrari
1155 4680 1269 4756 dicat.-
