3567 5559
466 562 510 629 20
939 560 1040 629 Liber
1060 562 1115 629 II.

515 750 610 823 haec
634 749 786 851 (terra)
808 758 851 824 ut
870 747 989 823 salida
1012 756 1123 848 atque
1149 746 1316 822 conferta
1336 748 1504 849 adsurgit
1524 749 1570 824 in·

518 885 740 962 tumescenti
762 885 891 961 similis
915 894 1097 985 extraque
1122 882 1367 983 protenditur.

549 1036 668 1102 Verba
689 1034 777 1114 „lace
798 1047 846 1100 est
869 1040 1006 1101 terrae“
1029 1034 1160 1099 minime
1178 1034 1376 1101 necessaria
1399 1046 1451 1119 et,
1479 1058 1572 1123 quum

450 1167 578 1241 ,terrae
596 1154 695 1218 modo
717 1154 838 1219 mentio
861 1152 931 1231 fiat,
954 1153 1095 1218 molesta
1114 1151 1264 1238 e§.ll.*)
1287 1164 1320 1217 et
1342 1152 1394 1218 44.
1416 1154 1457 1218 ab
1481 1154 1573 1221 inter·

469 1272 621 1357 palatore
643 1271 786 1355 repetita
807 1280 901 1359 sunt.¹

407 1412 449 1478 aa
705 1485 707 1489 ,
886 1402 960 1477 162
977 1438 1011 1468 =
1026 1403 1088 1498 aa,
1103 1403 1163 1477 ca.

517 1520 590 1632 cui
621 1553 826 1632 sententiae
861 1554 968 1629 adest
1003 1552 1256 1632 Dicaearchus
1290 1555 1346 1631 sir
1379 1558 1418 1633 in
1446 1558 1574 1658 primis

506 1690 685 1766 eruditus
708 1712 838 1790 regum
873 1714 964 1765 cura
984 1713 1205 1789 permensus
1230 1701 1392 1789 mantes,
1422 1721 1471 1771 ex
1498 1694 1575 1795 qui-

514 1826 584 1900 bus
618 1825 834 1902 altissimum
866 1824 1031 1933 prodidit
1056 1827 1188 1904 Pelion
1215 1830 1358 1907 MGCL
1387 1853 1575 1930 passuum,

514 1961 664 2064 ratione.
681 1962 938 2063 perpendiculi
970 1964 1105 2039 nullam
1136 1988 1220 2041 esse
1257 1991 1338 2041 eam
1368 1967 1576 2068 portionem

503 2101 711 2191 ¹universae
734 2098 970 2176 rotunditatis
998 2100 1186 2201 colligens.
1308 2172 1310 2179 ,

544 2249 688 2311 Ratione
706 2248 932 2331 perpendiculi
952 2250 1024 2312 sive
1046 2270 1067 2313 a
1090 2252 1339 2333 perpendiculo,
1362 2264 1397 2317 ut
1419 2252 1507 2335 §.872
1530 2252 1577 2317 le·

463 2367 582 2450 gimus‚
605 2366 681 2447 ipsa
700 2383 858 2425 mensura
879 2375 1101 2446 computatur,
1123 2378 1329 2449 quapropter
1350 2387 1439 2450 pone
1461 2388 1578 2451 uper.

462 2481 631 2585 pendiculi
650 2481 713 2545 erit
734 2480 1044 2563 interpungendum.
1086 2482 1199 2567 Pergit
1222 2484 1363 2559 Plinius3

510 2599 606 2673 Mihi
627 2600 770 2674 incerta
790 2600 883 2671 hacc
908 2598 1058 2675 videtur
1074 2601 1306 2691 coniectatio,
1332 2601 1429 2676 haud
1444 2601 1576 2701 ignaro

502 2736 596 2818 (nam
617 2736 664 2798 ita
686 2734 760 2799 sine
782 2734 882 2798 dubio
901 2754 975 2797 cum
990 2736 1086 2803 codd.
1101 2736 1173 2801 fere
1195 2714 1348 2803 omnibus
1368 2735 1576 2821 rectevulgo

508 2854 649 2941 legitur,
677 2854 742 2919 etsi
764 2848 911 2936 Silligius
936 2874 1010 2919 eum
1031 2856 1080 2920 R¹
1101 2857 1208 2944 ipncto
1229 2858 1365 2935 mavult)
1395 2855 1577 2955 quosdam

509 2972 662 3073 Alpium
688 2972 848 3080 vertices
870 2973 979 3075 longo
1000 2982 1123 3050 tractu
1150 3000 1220 3050 nec
1244 2975 1417 3051 breviore
1439 2973 1574 3073 quin-

509 3088 722 3206 quaginta
743 3109 922 3183 milium
947 3094 1131 3207 passuum
1152 3109 1366 3208 adsurgere.

459 3240 585 3302 milium
605 3240 695 3304 R1d.
719 3242 811 3302 milia
831 3240 881 3302 R²
902 3239 1031 3302 milibus
1052 3254 1142 3325 ιιβγ
1167 3242 1282 3325 (etiam
1306 3252 1343 3305 ut
1362 3243 1495 3307 videtur
1516 3242 1573 3328 Τ).

458 3358 636 3423 lmmanem
657 3354 790 3437 Alpium
822 3352 1027 3421 altitudinem
1059 3358 1138 3421 vitio
1166 3358 1336 3424 scribendi
1364 3360 1396 3424 in
1423 3364 1572 3426 numeris

457 3475 730 3562 frequentissimo
754 3472 868 3539 deberi
892 3472 1102 3541 manifestum
1125 3484 1185 3541 est.
1229 3476 1299 3539 ΠΜ
1318 3480 1463 3546 coniecit
1484 3480 1573 3545 Bro-

406 3679 410 3686 .
458 3596 574 3675 terius,
595 3592 676 3676 VM,
696 3602 732 3657 ut
744 3590 908 3674 Forbiger
923 3589 1048 3678 Gerga
1061 3602 1126 3656 aut.
1142 3593 1195 3670 lll,
1213 3616 1243 3677 p.
1256 3594 1327 3662 113.
1348 3597 1463 3677 refert,
1482 3598 1571 3665 Reu-

458 3713 615 3790 zonnus,
656 3710 765 3795 possa
794 3708 895 3776 eriam
929 3709 1144 3777 esnauone
1178 3712 1234 3779 ru.
1259 3736 1294 3799 p.
1315 3696 1398 3781 aaa
1419 3714 1569 3779 xrrmu

457 3832 578 3908 scribi,
597 3850 676 3893 nam
697 3828 743 3899 ibi
763 3837 894 3896 centum
917 3827 1026 3895 stadia
1045 3840 1274 3897 numerantur.
1317 3832 1436 3899 Restat
1455 3842 1571 3897 tamen

457 3950 639 4017 difficultas
659 3950 691 4013 iu
714 3947 874 4032 proximis
898 3947 1009 4016 verbis
1030 3948 1096 4012 situ
1118 3948 1210 4039 leupo
1235 3960 1342 4015 tractu
1362 3950 1421 4015 rel.
1469 3951 1569 4025 Quae

525 4190 557 4256 ¹¹)
592 4187 667 4239 Male
684 4184 725 4237 ibi
742 4185 824 4236 lanus
842 4183 925 4241 Nunt.
940 4186 1048 4244 Monac.
1059 4193 1134 4257 1052.
1152 4208 1195 4244 uo.
1206 4193 1249 4245 70.
1270 4190 1388 4244 coniecit
1404 4193 1565 4249 cardinem.

454 4275 550 4343 Neque
567 4271 641 4324 enim
658 4274 738 4322 stare
752 4269 922 4333 pendentem
947 4276 1047 4324 terram
1072 4274 1164 4326 dicare
1182 4277 1326 4327 commode
1346 4278 1437 4344 potuit
1454 4279 1566 4332 Plinius

453 4376 543 4428 neque
560 4359 661 4411 addere
678 4354 832 4408 librantem
849 4367 925 4417 dnae
938 4356 1074 4419 pendeat,
1092 4358 1148 4415 nisi
1167 4361 1314 4427 docuisset,
1335 4363 1406 4416 unda
1423 4365 1566 4432 penderet.

452 4444 494 4499 Eo
519 4444 591 4496 enlm
617 4443 680 4494 loco
699 4442 780 4494 carde
799 4447 842 4493 est
865 4441 925 4494 axis
945 4460 1006 4497 cum
1030 4444 1103 4512 polis
1128 4444 1175 4513 qui
1189 4446 1287 4500 lues.
1307 4448 1444 4505 cardines
1464 4451 1570 4505 mundi

452 4530 635 4600 appellantur.
