3567 5559
886 589 905 644 ι

424 737 486 810 132
780 715 784 722 ’
866 739 956 804 rsus
969 688 1091 806 rnre.

423 939 564 1008 tradidit.
586 939 835 1026 Distinguuntur
856 946 964 1004 autom
987 940 1153 1004 manantia
1177 940 1287 1004 ulcere
1310 961 1331 1004 a
1354 945 1542 1026 putrescen-
1617 977 1619 1014 s

423 1056 528 1139 tibus,
566 1076 649 1141 quae
677 1056 705 1141 5.
727 1057 769 1124 38
783 1057 1002 1142 appellantur.
1043 1055 1265 1143 lbanspositis
1292 1058 1402 1144 igitur
1424 1057 1543 1121 maniis
1617 1059 1619 1104 1

422 1174 529 1240 verbis
549 1172 753 1239 scribendum
775 1193 849 1239 esse
870 1193 1002 1238 censeo:
1246 1254 1248 1258 ι
1617 1187 1619 1192 ·

464 1295 616 1357 ulceribus
636 1297 826 1357 manantibus
847 1310 926 1371 qaae
943 1295 1178 1372 ptapedaentco
1198 1295 1544 1373 recommendata

327 1451 330 1460 -
464 1415 563 1490 natis,
585 1415 766 1473 samnitas.

341 1507 399 1574 ⁵¹¹
633 1549 736 1622 311ε
751 1547 847 1634 1,.23
874 1543 944 1636 (da
970 1543 1054 1642 pice
1072 1565 1203 1621 sermo
1223 1487 1318 1637 est).

473 1674 676 1776 Rhagadas
702 1675 803 1752 sodis
843 1681 880 1752 et
907 1675 1044 1775 pedum
1074 1697 1268 1776 panosque
1310 1680 1352 1752 et
1387 1695 1544 1772 ungues

472 1809 626 1886 scabros
652 1809 834 1898 emendat,
857 1808 998 1886 vulvae
1020 1809 1172 1886 duritias
1198 1817 1236 1886 et
1260 1808 1553 1886 conversiones-

472 1941 605 2032 odore,
632 1941 717 2018 item
744 1938 993 2041 lethargicum
1019 1948 1177 2018 strumas
1204 1963 1288 2057 cum
1312 1940 1436 2018 farina
1450 1939 1542 2015 hor-

472 2074 602 2170 deacia
629 2133 637 2151 .
666 2133 673 2151 .
701 2131 710 2149 .
739 2073 897 2150 decocta
922 2073 969 2149 ad
997 2074 1301 2174 suppurationem
1321 2073 1514 2174 perducit.

506 2206 644 2272 Omnino
672 2205 879 2271 Dioscorides
900 2197 929 2269 Ι.
949 2205 991 2274 91
1023 2226 1096 2271 cnm
1125 2205 1176 2272 his
1210 2205 1316 2271 verbio
1350 2207 1538 2293 conspirat:

421 2331 508 2414 κηρῷ
530 2325 586 2403 δὲ,
619 2325 679 2406 ait,
713 2324 772 2412 ἴσρι
793 2331 929 2409 μιγεῖσα
950 2325 1093 2412 λεπροὺς
1125 2324 1247 2407 δνυχας
1268 2321 1445 2410 ἀφίστησι,
1470 2321 1535 2409 pri·

420 2441 510 2527 pueri
536 2464 573 2506 ee
600 2438 740 2528 ὑπέρας
772 2446 829 2507 καὶ
862 2443 1014 2530 σιληρίας
1043 2440 1222 2508 δακτυλίου
1255 2442 1425 2527 διαφοραί·
1470 2440 1533 2506 onie

421 2565 560 2646 κριθίνῳ
598 2560 636 2624 δὲ
673 2554 844 2644 idedeina
887 2557 1016 2648 oiiav'pp
1041 2558 1264 2647 ..χοιράδας
1298 2561 1530 2647 περιρρὴσσει.
1617 2557 1619 2560 ⁴

422 2675 521 2742 Vides
544 2676 583 2741 de
612 2666 701 2742 solis'
717 2675 903 2762 lethargicis
934 2697 1007 2740 eum
1039 2683 1147 2741 tacere
1170 2697 1250 2764 quos
1273 2673 1388 2740 Celsus
1408 2673 1466 2741 III.
1489 2674 1531 2743 20

421 2796 501 2882 picis
529 2795 628 2860 odore
655 2798 792 2859 recreari
829 2793 970 2859 tradidit.
1013 2768 1158 2868 Quocum
1181 2793 1305 2859 Plinius
1338 2795 1526 2874 consentiet,

420 2936 492 2980 cum
514 2915 560 2977 ita
581 2914 679 3014 verba
694 2899 762 2976 eins
785 2911 988 2978 distinxeris:

495 3037 740 3107 .conuersiones,
764 3035 904 3093 odoret
880 3042 947 3094 rtem
968 3033 1158 3107 ktbcrpicos.
1615 3026 1618 3189 1

336 3186 398 3256 512
761 3251 766 3260 ,
865 3174 970 3247 41=
983 3175 1140 3260 12,5.

468 3303 536 3381 Est
561 3312 597 3381 ot
623 3300 893 3405 pissasphaltos
930 3303 1044 3379 mixta
1070 3302 1235 3379 bitumini
1268 3303 1352 3401 pice
1380 3310 1525 3380 natura·

468 3437 551 3519 liter
577 3461 624 3513 ex
642 3415 959 3537 Apolloniatarum
978 3457 1080 3535 agro.
1109 3433 1288 3529 Quidam
1279 3435 1350 3535 rpsi
1369 3436 1523 3512 miscent
1614 3461 1617 3511 J

469 3569 708 3672 praecipuum
736 3570 783 3646 ad
809 3569 973 3647 scabiem
1000 3590 1176 3670 pecorum
1203 3567 1419 3645 remedium.

501 3703 574 3768 Non
596 3723 636 3767 ea
665 3708 789 3767 tantum
816 3700 1049 3786 pissasphalton
1071 3719 1154 3786 quae
1175 3706 1243 3764 arte
1263 3700 1318 3782 fit,
1347 3700 1405 3765 sed
1429 3701 1520 3765 edam

419 3842 563 3910 eaquae
585 3824 726 3888 nascitur
746 3817 985 3886 remediiusum
999 3817 1141 3904 praebet.
1163 3817 1439 3902 Distinguendum
1461 3825 1521 3882 ost:

418 3961 458 4004 ex
481 3949 538 4022 Ap.
560 3961 654 4021 cpro;
677 3945 799 4021 quidam
815 3944 873 4019 ipsi
893 3943 1034 4012 miscent;
1053 3942 1189 4017 proecip.
1212 3941 1273 4000 oto.

335 4115 397 4182 53
870 4093 1072 4180 lazana.

241 4209 244 4218 ’
357 4119 373 4183 1
469 4221 581 4302 Umor
622 4247 642 4299 e
680 4225 782 4300 cavis
815 4221 944 4324 populi
983 4223 1112 4321 nigrae
1153 4220 1309 4297 effluens
1349 4241 1520 4297 verrucas
1612 4240 1613 4245 ‘

470 4353 699 4457 papulasque
727 4379 773 4431 ex
801 4355 922 4431 attritu
950 4356 1101 4434 obortas
1126 4351 1233 4431 tollit.

502 4487 698 4554 Gronovium
721 4486 752 4552 S.
776 4488 800 4552 1.
820 4488 922 4552 secuti
945 4495 1020 4552 sunt
1042 4485 1096 4573 q'ui
1117 4499 1203 4550 ortam
1226 4484 1367 4570 scripsit:
1397 4485 1519 4551 codices

390 4663 395 4670 .
418 4628 437 4672 a
457 4627 473 4671 r
491 4605 518 4672 ld
540 4615 574 4672 et
594 4605 816 4672 Dioscoridem
838 4603 863 4669 1.
881 4605 950 4671 ’110
970 4605 1061 4691 sequi
1082 4605 1260 4692 oportebat.
1284 4600 1407 4680 ιδῶδις
1428 4599 1468 4670 ἐν
1486 4610 1518 4694 'll

415 4731 625 4812 παρατρίψει
653 4722 794 4786 umidum
826 4721 906 4788 illud
928 4721 1127 4807 appellatum
1168 4733 1197 4797 et
1218 4727 1323 4785 attritu
1350 4720 1411 4806 (ea
1432 4726 1519 4786 onita
