3567 5559
711 754 800 818 uter
819 755 910 818 m.
1316 750 1359 820 27

181 1005 188 1012 .
285 945 396 1022 inter
423 969 465 1021 se
484 954 537 1066 'et
570 971 654 1024 cum
686 945 767 1025 aliis
801 947 1033 1026 insociabilia
1058 947 1219 1048 glutino,
1264 947 1360 1025 sicut

285 1079 434 1168 robur,
468 1080 641 1156 nectere
668 1080 868 1157 cohaerent
896 1081 965 1156 nisi
991 1078 1123 1156 similia
1149 1089 1294 1172 natura,
1321 1091 1360 1156 ut

181 1231 184 1251 ²
289 1211 325 1287 si
357 1211 448 1309 qrris
472 1209 633 1314 lapidem
660 1210 875 1311 lignumque
903 1214 1105 1314 coniungit.

323 1343 587 1409 Vexatissimum
603 1348 708 1415 locum
722 1347 819 1413 Ianus
837 1346 953 1432 partim
965 1345 1219 1428 interpunctione
1236 1352 1360 1411 mutata

235 1463 402 1544 correxit,
420 1483 496 1526 nam
506 1464 682 1527 rectissime
695 1484 715 1528 a
726 1486 755 1528 v.
763 1469 912 1542 quaedam
925 1485 1042 1529 novum
1061 1485 1190 1528 sensum
1212 1463 1359 1547 instituit,

237 1581 363 1663 partim
396 1587 579 1662 corruptum
612 1581 747 1667 reliquit.
790 1581 931 1646 Primum
964 1583 1048 1646 enim
1063 1601 1178 1674 'eausa
1205 1603 1270 1646 non
1299 1589 1360 1663 est,

238 1717 297 1760 eur
313 1697 472 1761 codicum
478 1697 570 1762 MSS.
581 1699 675 1763 lectio
686 1705 844 1778 ptirtinatio
853 1700 1029 1782 deseratur,
1052 1699 1168 1765 deinde
1181 1701 1213 1763 in
1225 1699 1288 1763 fine
1302 1721 1359 1785 pro

237 1820 297 1878 uisi
318 1821 441 1878 similia
464 1816 666 1880 scribendum
689 1823 740 1881 est
760 1817 1360 1882 dissimiliauteonoinnitatistructurae

241 1932 1359 2021 consulatursimulqueTheophrastiV.7-2verbadaide‘dpaioiradt

238 2049 328 2116 eluar
342 2053 390 2116 τὰ
401 2054 567 2136 μέλλοντα
591 2053 805 2138 συμφύεσθαι
825 2059 882 2120 καὶ
902 2054 946 2140 μὴ
968 2049 1104 2120 ἐναντία
1125 2056 1360 2138 καθαπερανεὶ

241 2168 344 2234 λίθον
367 2175 429 2234 καὶ
450 2169 550 2246 ξύλον
572 2173 750 2236 accuratius
775 2141 1002 2256 exprimantur.
1025 2170 1130 2235 Nesia
1144 2170 1273 2257 quidem
1287 2188 1358 2255 per-

245 2293 383 2349 sanatus
400 2293 451 2351 est
471 2286 569 2353 loeus.
592 2287 782 2355 Namvoces
797 2300 825 2351 et
837 2296 940 2368 crispa
960 2310 1039 2375 quas
1061 2290 1157 2354 Ianus
1172 2290 1217 2354 ita
1232 2288 1360 2353 divulsit
1481 2319 1485 2326 ·

181 2397 187 2407 ''
244 2410 278 2466 ut
300 2426 362 2489 pro
385 2416 416 2467 et
428 2405 584 2469 scriberet
604 2419 657 2489 est,
678 2413 779 2486 crispa
803 2413 911 2472 autem
933 2406 975 2471 ed
998 2406 1132 2472 alterum
1155 2427 1285 2471 sensum
1307 2426 1359 2471 re-

246 2517 353 2604 ferret,
368 2523 538 2608 pariterae
555 2532 699 2588 lacunosa
721 2530 886 2589 starraineae
902 2545 1002 2589 venae
1016 2531 1227 2612 opponuntur.
1249 2527 1359 2610 ltaque

181 2643 183 2650 ’
246 2643 457 2708 scribendum
479 2646 553 2708 erit:
597 2650 735 2722 quonium
758 2649 905 2705 lacunosa
927 2653 955 2706 et
976 2649 1079 2724 erispa
1101 2648 1131 2706 ia
1153 2648 1231 2734 ouini
1252 2662 1360 2720 periere

248 2768 394 2838 alunnum
417 2767 569 2826 addicunt.
614 2765 770 2843 Quaedam
790 2760 847 2824 rel.
872 2785 877 2790 ·

332 2883 360 2965 ἓ.
385 2881 449 2946 228
493 2879 657 2964 vulgatam
686 2878 857 2944 lectionem
880 2881 1025 2957 flexibilis
1046 2877 1164 2961 probo,
1197 2875 1367 2962 proximas·

252 2996 399 3061 codicum
422 2998 545 3060 litteras
565 3004 627 3059 iiiia
657 2997 723 3060 Sill.
745 2994 904 3081 probabili
927 2995 1111 3058 coniectura
1131 2993 1163 3057 in
1186 2999 1237 3057 cui
1257 2999 1360 3057 muta·

253 3113 306 3204 vit,
329 3117 394 3180 nisi
416 3115 500 3179 forte
523 3135 541 3178 e
563 3113 823 3200 praecedentium
835 3112 1023 3197 repetitione
1046 3095 1135 3176 ortae
1157 3117 1238 3174 sunt.
1262 3109 1289 3193 ἓ.
1298 3110 1359 3176 231

252 3245 390 3296 secentur
412 3233 530 3320 rnalim.
637 3229 642 3240 “

432 3454 437 3462 „
650 3354 722 3427 233
770 3351 874 3438 243,
900 3353 958 3425 84.
1380 3336 1442 3466 {9ss

301 3480 413 3561 blodo
457 3481 600 3558 luxuria
639 3505 713 3559 non
751 3481 869 3558 luerat
909 3485 1083 3557 contenta
1111 3477 1243 3578 'lign03
1288 3479 1358 3554 iarn

302 3612 443 3715 lignum
470 3616 540 3690 erni
566 3614 752 3692 testudine
778 3613 875 3689 lacit.
931 3619 933 3626 ⁴

335 3749 388 3815 Ita
410 3772 428 3814 e
449 3747 559 3812 codice
579 3768 599 3810 a
616 3746 692 3829 siit,
712 3752 785 3809 euim
809 3745 914 3809 elan.
937 3764 955 3808 e
977 3741 1069 3808 codd.
1083 3739 1360 3823 TdJHarduinum

261 3872 399 3950 secum,
423 3866 476 3930 cui
497 3845 605 3930 tamen
626 3866 697 3950 ipsa
718 3884 758 3928 ea
778 3862 873 3928 lectio
897 3861 1072 3946 displicuit,
1100 3865 1136 3922 ut
1158 3864 1244 3922 etium
1272 3857 1359 3921 ooni-

261 3988 350 4045 eeret.
390 3985 436 4047 At
466 4003 542 4048 vero
564 3989 621 4048 aut
646 3983 735 4046 nulle
756 3987 812 4047 aut
842 3977 1046 4044 adversativa
1074 3974 1230 4061 particula
1256 3973 1359 4058 requi-

263 4094 335 4162 n'tur
355 4121 438 4186 quae
454 4120 605 4183 magnam
614 4119 749 4185 -morum
770 4071 1052 4170 commutationeln
1072 4093 1192 4158 factam
1209 4109 1282 4156 esse
1304 4091 1359 4155 de·

259 4210 364 4280 oleret
406 4218 584 4282 Praeterea
621 4237 693 4280 eum
714 4215 810 4282 modo
842 4214 965 4278 Plinius
991 4211 1188 4293 narraverit,
1223 4210 1360 4276 Neronis

266 4337 362 4397 aetate
377 4334 586 4400 testudinem
619 4353 701 4418 quae
735 4333 857 4418 lignum
901 4333 1079 4396 imitaretur
1109 4334 1209 4409 pluris
1251 4333 1360 4408 venire,

270 4461 354 4530 tegre
375 4471 454 4515 voce
476 4451 637 4516 contraria
663 4456 896 4515 amiseramus.
933 4447 1046 4533 Neque
1069 4454 1176 4512 tamen
1198 4444 1359 4510 testudine

270 4561 319 4626 ted
338 4570 365 4630 ia
385 4574 532 4633 testudine
551 4569 673 4654 lignum
696 4564 879 4647 emebatur,
913 4585 996 4654 quae
1027 4563 1223 4653 praepositio
1248 4560 1360 4628 ultim

273 4679 349 4750 verbi
367 4686 477 4754 littera
496 4686 650 4768 absorpta
670 4690 730 4754 eat.
