3567 5559
454 590 498 655 li
918 585 1018 653 Liber
1037 587 1105 655 IV.

498 782 590 838 ortus
619 772 656 839 in
679 772 797 839 Lilaea
825 771 930 839 orbe.
974 770 1186 860 Quoniam
1212 778 1385 860 praetereo
1414 772 1569 862 oppidum

499 890 598 958 Crisa
612 914 693 979 sqq.
1152 890 1156 897 '

541 1013 662 1077 Parum
687 1019 869 1096 praeterea
897 1010 960 1077 sibi
982 1011 1130 1077 constitit
1150 1010 1297 1097 Silligius
1320 1011 1397 1076 dum
1419 1012 1570 1096 optimos

456 1130 595 1197 codices
616 1128 648 1192 A
670 1139 703 1193 et
723 1126 756 1192 R
774 1149 860 1213 quos
881 1130 915 1192 iu
938 1150 977 1193 re
1000 1130 1099 1195 dubia
1119 1149 1204 1215 prae
1227 1130 1352 1196 ceteris
1372 1131 1571 1218 sequendos

455 1271 536 1317 esse
556 1259 651 1315 recte
676 1246 818 1324 iudicat,
850 1244 908 1309 bic
935 1246 1070 1311 deserit
1113 1248 1335 1319 scribendum
1355 1262 1408 1315 est
1437 1250 1528 1313 euim
1543 1271 1571 1314 e

454 1370 552 1435 codd.
571 1368 660 1446 AR2,
681 1366 878 1450 quibuscum
900 1366 1067 1429 consentit
1078 1364 1179 1432 Mart.
1188 1366 1330 1451 Capella
1344 1368 1455 1456 psal,
1475 1390 1572 1431 mon·

455 1498 519 1553 kur
540 1484 749 1565 Heliconem,
772 1493 809 1549 ut
828 1480 917 1548 inira
939 1482 968 1570 §
979 1480 1011 1548 9.
1031 1490 1052 1549 e
1073 1482 1195 1551 cod.A
1216 1495 1325 1555 antec.

394 1697 437 1761 62
470 1724 475 1736 .
871 1757 875 1765 .
905 1662 953 1737 12
966 1662 1055 1758 =5,
1070 1664 1106 1738 b.

408 1796 411 1799 ’
505 1812 655 1916 Oppida
681 1812 839 1910 Helice,
866 1814 991 1910 Bura,
1024 1815 1063 1891 iu
1095 1841 1192 1917 quae
1222 1817 1398 1918 refugere
1423 1816 1574 1895 haustis

427 2028 430 2033 .
504 1951 691 2053 prioribus
709 1950 872 2052 Sicyon,
899 1950 1050 2054 Aegira,
1078 1953 1250 2054 Aegium,
1272 1954 1446 2031 Erineos.

510 2189 512 2196 ,
536 2099 586 2189 m
608 2124 715 2189 veroa
737 2121 833 2187 rinna
853 2120 1001 2211 sarigas
1022 2123 1236 2208 interpunxit,
1258 2134 1295 2188 ut
1311 2121 1471 2189 narrum
1491 2141 1579 2186 sen.

453 2224 587 2305 tentiam
607 2237 761 2323 amplecti
772 2239 934 2301 videatur.
964 2222 1130 2304 llleenim
1152 2242 1278 2305 maiore
1299 2240 1581 2323 interpunctione
1636 2208 1638 2361 1

452 2357 646 2452 ροΙεΙῑΙΒιινα
668 2354 780 2439 posita
801 2335 965 2439 proximis
986 2356 1102 2421 verbis
1124 2377 1165 2421 ea
1185 2356 1309 2439 oppida
1331 2353 1472 2417 indicari
1496 2367 1581 2422 sta-
1637 2414 1638 2435 ,

451 2474 521 2549 tuit,
541 2473 574 2535 in
596 2488 682 2557 quae
704 2470 838 2535 incolae
861 2472 1020 2555 priorum,
1045 2492 1131 2558 quae
1153 2472 1315 2542 hauserat
1328 2492 1430 2551 mare,
1449 2480 1583 2539 trans·
1637 2466 1638 2471 ¹

425 2629 428 2634 -
452 2592 644 2681 migrarunt,
669 2588 850 2674 Sicyonem
871 2589 1013 2675 reliqua,
1035 2578 1135 2676 atque
1157 2592 1277 2657 eadem
1299 2592 1360 2656 viri
1372 2588 1462 2655 docti
1476 2588 1578 2674 (Da-

391 2705 394 2716 ’
449 2710 619 2796 iecampii,
643 2721 679 2776 ut
699 2682 853 2795 iidetur)
881 2706 943 2774 fuit
964 2710 1078 2795 opinio
1112 2710 1226 2796 quiin
1248 2711 1395 2796 margine
1418 2702 1575 2796 exempli

448 2830 686 2917 Lugdunensis
713 2839 745 2894 el
765 2839 842 2896 ante
864 2826 1051 2914 inputavit
1072 2829 1286 2895 inserendum
1308 2851 1396 2895 esse.
1439 2828 1571 2897 Mirum

448 2953 482 3017 in
503 2952 635 3017 modurn
657 2959 812 3015 errarunt
833 2969 963 3019 omnes.
1008 2948 1145 3016 Scilicet
1159 2948 1325 3033 prioribus
1339 2948 1437 3014 Buris
1448 2959 1568 3015 terrae

449 3082 540 3137 motu
563 3071 742 3135 destructis
754 3089 876 3135 novam
887 3069 1005 3133 urbem
1019 3068 1250 3153 cognominem
1262 3067 1393 3133 incolae
1404 3068 1437 3131 iu
1448 3078 1565 3133 moute

446 3191 556 3255 vicino
577 3188 810 3268 condiderunt,
832 3205 931 3269 quam
952 3186 1039 3250 sicut
1060 3186 1171 3250 locum
1183 3186 1323 3250 Helicen
1343 3187 1424 3251 vidit
1446 3196 1480 3250 et
1502 3189 1562 3252 de·

447 3305 584 3388 scripsit
599 3304 785 3368 Pausanias
793 3273 919 3366 vllsao.
929 3300 961 3369 3.
973 3301 1125 3369 crinas.
1150 3303 1370 3369 Scribeudum
1381 3314 1433 3370 est
1442 3305 1561 3389 igitur:

487 3420 618 3503 Helice,
627 3420 724 3485 Bora
735 3420 773 3481 in
784 3438 869 3509 qnae
877 3413 1028 3506 resapere
1042 3417 1170 3485 haustis
1179 3421 1355 3508 prioribus,
1365 3420 1488 3509 Sicyon
1497 3424 1562 3490 rel.

386 3614 445 3681 63‘
464 3602 467 3607 ¹
903 3585 951 3661 13
965 3622 1005 3657 =
1017 3589 1053 3683 5,
1068 3588 1104 3663 6.

467 3736 670 3819 “Erineos
691 3738 798 3815 Intus
820 3738 996 3834 Cleonae,
1022 3737 1190 3838 Hysiaef,
1213 3740 1445 3817 Panhormus
1471 3766 1562 3841 por-

448 3880 552 3985 ''tus
572 3877 939 3986 ¹demonstratumque
964 3875 1037 3951 iam
1049 3874 1245 3951 Rhium...
1271 3876 1426 3977 Cyllene
1440 3876 1561 3973 sinus,

495 4014 787 4116 promontorium
814 4011 1050 4112 Chelonates,
1072 4011 1170 4087 unde
1198 4002 1380 4113 Cyllenen
1400 4012 1436 4087 V
1451 4012 1491 4087 Μ
1505 4038 1562 4113 p.,

495 4138 685 4225 castellum
713 4147 865 4241 Phlius,
902 4172 998 4247 quae
1029 4148 1133 4249 regio
1164 4152 1209 4224 ab
1242 4148 1412 4226 Homero
1439 4148 1563 4225 Arae-

450 4372 454 4379 ,
494 4285 629 4384 thyrea
661 4283 759 4359 dicta
791 4292 868 4379 est,
899 4291 1031 4382 postea
1061 4282 1210 4383 Asopis.
1269 4285 1363 4362 lude
1384 4283 1562 4362 Eliorum

496 4444 585 4521 ager
605 4438 671 4495 etc.

529 4570 607 4637 Alia
618 4570 844 4657 Peloponnesi
865 4568 1038 4656 regionum
1061 4568 1290 4638 distributione
1314 4572 1417 4639 ntitm
1430 4570 1561 4639 Plinius
