3567 5559
340 963 402 1031 773

425 712 488 784 226
851 716 942 784 tener
961 720 1098 786 XXXV.

838 915 904 990 121
934 937 975 976 π
1002 916 1120 1004 1131.

471 1023 586 1104 atilli
620 1025 819 1106 draconem
848 1066 890 1085 -
920 1028 1108 1129 depictum
1139 1028 1421 1106 circumdedere
1446 1026 1534 1106 luen

470 1180 592 1258 eoque
606 1164 748 1236 terrore
773 1181 865 1236 aves
888 1157 1140 1238 tnne'siluisse
1155 1167 1323 1237 11111111
1348 1168 1387 1238 11
1401 1168 1537 1262 postea

473 1289 675 1391 leugnitum
692 1298 749 1367 est
774 1292 841 1384 ita]
870 1315 983 1394 posse
1010 1294 1211 1394 compesci.

504 1421 568 1486 Hic
596 1441 724 1508 qnoque
756 1423 1036 1510 interpolationem
1070 1427 1282 1490 recentiorum
1317 1423 1489 1489 hominnm
1519 1443 1537 1488 a

422 1558 474 1603 me
495 1539 624 1604 tolerari
657 1542 802 1626 potuisse
823 1542 925 1628 pudet
945 1563 997 1607 me
1018 1542 1233 1629 poenitetque.
1277 1541 1372 1617 Quae
1395 1543 1483 1607 enlm
1506 1543 1537 1606 in'

422 1656 585 1722 codicibus
614 1675 679 1722 non
705 1657 857 1744 leguntur
881 1659 982 1725 verba
1012 1661 1186 1748 ,cognitum
1211 1667 1261 1724 111
1281 1661 1356 1742 itn‘,
1386 1661 1426 1724 iis
1449 1659 1536 1725 facil-

305 1816 311 1833 .
421 1775 497 1840 lime
519 1795 629 1840 carere
650 1776 825 1860 poterimus
846 1796 926 1842 voce
943 1797 1034 1858 posse
1055 1777 1088 1844 in
1107 1785 1240 1858 potuisse
1262 1783 1401 1843 mutate.

338 2133 401 2202 774

504 1892 894 1978 §.138Brnnninshie't
918 1894 1001 1960 artif.
1023 1896 1063 1961 II.
1086 1896 1126 1964 53
1150 1901 1334 1978 Astypalaea
1357 1895 1537 1980 probabili·

420 2017 471 2076 ter
491 2011 636 2078 coniecit.

841 2099 1107 2187 141=11,4d.

470 2224 690 2324 Eutychidis
716 2226 840 2326 bigam
867 2227 964 2328 regit
988 2227 1164 2308 Victoria.

503 2356 610 2432 Quum
631 2379 743 2425 omnes
769 2367 926 2447 quotquot
957 2369 1183 2434 enumerantur
1204 2360 1235 2426 h.
1257 2359 1278 2425 l.
1302 2360 1447 2446 pictores
1478 2379 1536 2424 no·

420 2476 574 2542 minntivo
597 2478 816 2564 appellentur,
848 2478 964 2544 mirum
997 2499 1075 2544 saue
1097 2484 1163 2561 111,
1200 2478 1233 2542 in
1261 2497 1325 2542 uno
1348 2476 1535 2563 Eutychide

421 2600 613 2658 structuram
636 2595 837 2682 ineleganter
857 2597 904 2662 ita
925 2597 1052 2680 variari,
1073 2604 1110 2661 nt
1132 2616 1242 2662 currus
1263 2595 1317 2660 ille
1328 2593 1535 2682 Eutychidis,

421 2711 564 2778 Victoria
586 2715 635 2778 sui
656 2715 733 2779 iuria
755 2735 828 2779 esse
852 2713 1007 2780 rideatur.
1030 2713 1388 2801 Atquenomlnntivum
1402 2721 1535 2798 praeter

419 2831 451 2894 lt
472 2839 505 2894 et
526 2830 619 2896 codd.
643 2831 777 2897 Barbari
798 2832 871 2896 libri
891 2831 985 2898 MSS.
1008 2852 1120 2896 omnes
1143 2829 1312 2913 exhibent,
1335 2828 1479 2896 eundem
1503 2837 1535 2894 et

420 2947 452 3011 Κ
474 2950 560 3034 apud
582 2949 826 3036 Delecempium
847 2957 880 3014 et
909 2955 939 3014 V.
952 2956 1005 3015 ulii
1026 2950 1046 3014 i.
1069 2970 1097 3015 e.
1120 2949 1267 3024 homines
1289 2946 1421 3036 qnidam
1444 2947 1533 3014 docti

421 3066 634 3130 defenderunt
662 3088 734 3132 cum
766 3072 822 3131 aut
848 3089 937 3148 quam
962 3068 1144 3132 insererent
1165 3073 1221 3132 aut
1245 3072 1327 3146 repis
1357 3086 1426 3130 cam
1455 3071 1533 3132 Vici.

421 3183 517 3248 ecribi
539 3184 666 3249 vellent.
708 3184 832 3249 Neutra
853 3185 1039 3248 coniectura
1062 3203 1142 3270 opus
1165 3190 1249 3266 erat,
1273 3205 1314 3248 ne
1337 3203 1377 3248 ea
1399 3185 1532 3269 quidem

420 3301 502 3364 ratio
546 3321 642 3388 qnam
673 3301 902 3388 Dalecampius
939 3302 1106 3387 probavit,
1148 3322 1212 3386 qua
1247 3308 1322 3388 post
1363 3323 1391 3367 1.
1430 3306 1532 3382 binam

421 3419 549 3506 gravius
572 3419 733 3502 distinxit,
765 3420 895 3505 linguae
918 3420 990 3505 lege
1019 3419 1085 3484 ulla
1113 3419 1285 3505 flagitatur.
1327 3417 1415 3482 Nihil
1443 3419 1532 3482 enim

419 3536 545 3600 facilius
574 3542 625 3601 est
646 3556 742 3623 quam
769 3538 900 3603 verbnm
928 3539 1129 3622 praegnanti,
1157 3557 1252 3622 quem
1281 3535 1408 3619 dicunt,
1431 3556 1532 3600 sensu

419 3674 482 3740 quo
504 3674 609 3734 repere
629 3654 715 3720 idem
737 3656 779 3719 sit
800 3675 838 3720 oc
857 3661 924 3735 cepi
944 3675 1056 3720 curare
1079 3653 1293 3740 interpretari.
1316 3653 1531 3720 Scribenddm

420 3779 469 3840 est
490 3774 602 3860 igitur:
627 3777 874 3857 Eutychides-
903 3778 1044 3838 Victoria.

817 3899 884 3971 142
912 3929 945 3959 =
970 3889 1120 3971 ibidem.
1431 3971 1436 3980 .

468 4004 684 4085 Nealces-
700 4010 834 4090 sollers
859 4014 897 4088 in
923 4017 1017 4103 arte;
1043 4007 1228 4108 siqnidem
1249 4029 1332 4086 cum
1346 4007 1530 4110 proelium

467 4138 600 4215 navale
626 4138 822 4221 Persarum
849 4155 886 4224 et
905 4144 1179 4244 Aegyptiorum
1204 4141 1397 4243 pinxisset,
1425 4145 1529 4243 qnod

468 4272 503 4345 in
530 4269 612 4349 Nilo
640 4273 757 4372 [cuins
784 4284 841 4352 est
866 4301 963 4377 aqna
987 4275 1097 4352 maris
1129 4271 1270 4363 similis]
1297 4275 1433 4352 iactum
1462 4300 1528 4356 vo-

468 4401 569 4479 lebat
592 4400 780 4504 intellegi,
814 4415 1033 4514 argumento
1067 4408 1271 4487 declaravit
1310 4409 1413 4510 quod
1450 4418 1527 4488 arte

467 4557 542 4613 non
569 4542 731 4636 poteraiz
758 4538 913 4617 asellum
940 4541 1038 4618 enim
1051 4542 1240 4620 bibentem
1265 4543 1301 4620 in
1322 4542 1430 4622 litore
1446 4547 1526 4646 pin·

467 4667 520 4742 xit
546 4674 583 4742 et
610 4667 838 4747 crocodilum
864 4671 1100 4752 insidiantem
1126 4673 1172 4754 ei.
1233 4716 1235 4727 ι
