3567 5559
444 555 507 622 18⁰
893 553 994 620 Later
1015 554 1113 623 XIV.

439 741 464 808 Ι.
478 738 529 804 25.
549 750 710 824 „ceteras
727 739 824 825 vites,
846 750 879 804 et
902 739 944 804 de
964 739 1016 806 his
1037 737 1208 805 miscellas
1222 757 1387 817 maxume,
1410 739 1550 804 inamne

442 879 549 944 genus
571 859 645 944 agri
666 858 870 924 convenire“
897 856 1058 922 Catonem
1078 871 1218 922 secutus
1241 856 1428 940 tradiderit,
1450 859 1551 921 mani-

442 979 565 1046 festum
587 991 650 1057 est,
673 978 861 1062 interpungi
884 978 1020 1056 debere,
1043 976 1318 1062 quemadmodum
1339 975 1429 1059 apud
1451 974 1552 1038 Cato-

442 1119 518 1164 nem
539 1118 567 1163 c.
579 1097 612 1161 6.
632 1097 734 1182 vulgo
757 1096 828 1162 lieri
851 1097 1017 1162 videmus:
1108 1169 1111 1176 ,

572 1211 710 1278 Ceterae
730 1214 828 1292 viles,
855 1213 1018 1277 miscellae
1040 1231 1214 1293 maxariae,
1239 1214 1274 1276 in
1297 1236 1326 1306 q.
1349 1235 1378 1275 a.
1404 1235 1431 1278 c.

365 1386 425 1452 231
900 1369 949 1444 ta
966 1369 1040 1444 :4
1066 1371 1102 1444 5.
1166 1381 1168 1388 '

564 1502 759 1582 Rhemmio
776 1503 1003 1597 Palaemoni,
1027 1428 1116 1578 alias
1136 1501 1373 1602 grammatica
1394 1512 1473 1577 arte
1494 1529 1552 1577 ce-

490 1640 596 1734 lebri,
623 1640 661 1716 iu
684 1642 787 1717 hisco
814 1643 894 1718 XX
911 1641 1014 1718 anuis
1041 1650 1202 1717 mercato
1230 1641 1379 1716 rusDC
1394 1643 1436 1716 M
1453 1667 1554 1716 num-

492 1804 589 1854 mum
610 1778 648 1853 in
671 1780 803 1854 eodem
827 1780 1057 1854 Nomentano
1080 1777 1214 1852 decimi
1229 1776 1368 1876 'lapidis
1393 1779 1439 1850 ab
1464 1778 1553 1851 urbe
1615 1861 1616 1882 ἶ

493 1911 733 1993 deverticulo.

526 2052 661 2137 Scripta
682 2051 768 2117 haec
789 2062 867 2117 sunt
888 2071 977 2116 anno
999 2048 1233 2128 DCCCXXX‚
1258 2049 1301 2118 cf.
1316 2050 1345 2137 ᾗ.
1356 2050 1408 2115 46.
1440 2049 1551 2135 ltaque
1615 2029 1616 2098 l

441 2189 530 2236 anno
554 2169 719 2240 DOCCX.
745 2170 926 2236 Palaemon
952 2171 1090 2256 praedia
1111 2171 1322 2236 Nomentana
1345 2171 1471 2236 emisse
1493 2191 1552 2254 pu·

350 2325 358 2346 x
441 2290 562 2355 tandus
585 2299 694 2367 esset,
727 2310 814 2374 quae
833 2292 921 2356 intra
944 2290 1108 2356 decimum
1127 2289 1201 2355 sere
1224 2309 1327 2355 curae
1348 2307 1472 2354 annum
1495 2291 1552 2355 Se·

439 2427 547 2473 nacae
576 2406 769 2471 vendidisse
797 2407 938 2471 traditur
966 2408 995 2494 §.
1010 2407 1062 2473 51.
1122 2408 1186 2480 Qui
1214 2428 1312 2492 quum
1344 2418 1458 2472 aetate
1490 2409 1552 2472 iam

440 2522 633 2612 provectior
649 2523 783 2588 Tiberio
799 2530 962 2607 regnante
977 2523 1106 2586 Romae
1127 2523 1255 2590 litteras
1276 2527 1432 2590 docuerit
1453 2537 1551 2612 atque

441 2655 518 2710 ante
540 2663 714 2709 secessum
735 2641 898 2727 principis
920 2641 953 2705 id
977 2651 1029 2705 est
1051 2652 1127 2704 ante
1149 2639 1551 2711 a.1)chxx1rt.dtsct-

440 2765 551 2850 plinae
572 2764 672 2829 laude
693 2761 844 2827 floruerit
870 2759 931 2845 (cs.
948 2761 1086 2826 Sueton.
1102 2761 1154 2824 De
1167 2760 1212 2830 ill.
1228 2781 1331 2846 gram.
1343 2759 1414 2847 23),
1433 2764 1478 2828 ad
1501 2783 1551 2827 ca·
1615 2827 1616 2832 ,

439 2901 516 2946 nam
537 2902 567 2949 a.
587 2881 783 2950 DCCCXX.
813 2893 1022 2945 senectutem
1044 2881 1243 2966 pervenisse
1269 2880 1415 2951 videtur.
1467 2883 1552 2948 Fieri
1615 2917 1616 2978 3

439 3000 474 3064 id
488 3000 619 3084 quidem
636 3000 755 3084 potuit:
777 2999 865 3084 quod
883 3019 965 3064 vero
979 2999 1110 3064 Seneca
1124 3019 1210 3062 anno
1225 2997 1420 3069 DCCCXX.
1436 3002 1551 3067 vineas
1615 2979 1616 3058 l

439 3117 674 3182 aPalaemone
692 3127 861 3181 mercatus
877 3137 955 3182 esse
979 3117 1107 3194 dicitur,
1129 3109 1218 3180 hau'd
1242 3116 1339 3181 dubie
1354 3115 1476 3184 salsum
1493 3136 1550 3186 est
1615 3091 1616 3126 ἶ

438 3235 591 3322 Namque
613 3236 677 3299 iam
701 3256 789 3301 anno
805 3234 1043 3300 DCCCXVlll.
1066 3245 1202 3299 mortem
1227 3235 1367 3300 obierat.
1397 3236 1551 3322 Apparet

440 3352 540 3436 igitur
559 3373 732 3419 numerum
747 3354 819 3416 XX
838 3359 1036 3437 corruptum
1055 3363 1155 3438 atque
1179 3364 1235 3417 aut
1257 3351 1365 3417 XXV
1377 3367 1436 3421 aut
1448 3355 1555 3420 XXX

437 3469 615 3552 legendum
643 3489 731 3534 ease.
784 3470 935 3534 Alterum
958 3470 1217 3555 praeferendum
1249 3491 1326 3536 esse
1353 3473 1548 3555 arbitrarer,

432 3571 537 3675 'quum
566 3606 591 3655 u
625 3597 702 3651 ante
734 3603 755 3652 a
787 3586 888 3652 facile
926 3585 1083 3650 excidere
1120 3589 1305 3673 potuisset,
1345 3591 1408 3657 nisi
1438 3591 1469 3678 §
1496 3593 1548 3658 51.

436 3706 620 3792 „princeps
635 3714 702 3769 tum
717 3703 913 3769 eruditionis
927 3721 969 3767 ac
984 3705 1176 3787 potentiael‘
1196 3683 1435 3792 appellaretur,
1452 3730 1549 3794 quum

437 3828 513 3911 ipso
541 3847 630 3893 amm
662 3822 856 3890 Dcccxv.
882 3823 1035 3888 Senecae
1061 3823 1241 3907 potentiam
1270 3823 1449 3890 infractam
1470 3848 1548 3894 esse

436 3959 580 4028 constet,
604 3947 647 4014 cf.
663 3946 768 4012 Tacit.
785 3945 866 4009 Ann.
881 3943 969 4008 XlV.
981 3943 1035 4013 52.
1070 3943 1223 4007 Praestat
1234 3943 1335 4029 igitur
1349 3943 1456 4008 XXX
1466 3948 1548 4012 scri·

435 4066 531 4143 bere,
559 4067 606 4131 ita
631 4077 666 4131 ut
687 4065 821 4132 Seneca
848 4066 904 4149 qni
933 4085 1021 4128 anno
1042 4062 1249 4128 ucccvtu.
1278 4064 1377 4130 domu
1404 4075 1437 4130 et
1468 4067 1548 4132 villa

434 4192 555 4244 auctus
575 4199 654 4246 asse
676 4200 697 4244 a
720 4181 836 4246 Tacito
854 4181 939 4243 Anu.
952 4180 1037 4244 Xlll.
1053 4179 1102 4244 18.
1126 4179 1290 4261 refertur,
1322 4182 1453 4268 magnis
1473 4186 1547 4270 qui-

431 4301 495 4364 bus
518 4297 582 4361 iam
605 4309 673 4363 tum
695 4297 844 4381 pollebat
867 4296 988 4380 opibus
1011 4295 1081 4379 (cf.
1098 4297 1141 4360 ib.
1156 4297 1316 4385 xtttat)
1344 4300 1461 4367 vineas
1482 4302 1545 4369 Pa·

430 4415 595 4482 laemonis
617 4417 837 4501 acquisivisse
860 4414 1013 4480 videatur
1034 4414 1155 4493 „invisi
1176 4416 1285 4484 alias“
1304 4431 1340 4484 ut
1361 4441 1439 4486 mox
1455 4423 1543 4509 §.5l.

429 4531 906 4619 traditur,sci1icetiolensus
929 4530 1058 4598 Claudii
1077 4532 1203 4600 amicis.
1245 4537 1282 4602 lu
1303 4537 1421 4609 iisdem
1442 4563 1543 4627 quum

429 4651 610 4721 Columella
619 4651 703 4720 lna.
716 4650 849 4736 singula
858 4647 1136 4737 iugeraSeaceae
1149 4651 1265 4720 culeos
1275 4667 1419 4726 octonos
1431 4661 1540 4728 reddi-
