3567 5559
436 557 498 624 178
593 587 596 592 ·
884 557 984 624 liber
1005 557 1107 626 XIV.

435 745 742 812 certeeoniecture
755 744 893 830 explere
913 764 981 810 nou
1002 744 1093 826 licet,
1115 741 1562 812 adieetivnmiuissevoca-

435 861 514 930 bulo
527 861 629 928 &aaa
647 865 849 930 eontrarium
863 861 1075 930 manifestum
1086 874 1148 930 est.
1177 865 1293 948 ltaque
1315 875 1456 949 propter
1479 867 1565 930 soni

436 983 689 1067 litterarumque
717 981 961 1046 similitudinem
990 1003 1108 1070 maqno
1136 981 1305 1048 excidisse
1326 991 1419 1067 puto.
1481 982 1564 1046 Me·
1620 1065 1621 1074 ἵ

437 1119 524 1186 guas
547 1101 634 1166 euim
655 1099 785 1165 visulae
806 1119 891 1164 uvas
913 1098 1019 1164 fuisse
1041 1119 1060 1162 e
1084 1096 1291 1163 columellae
1304 1098 1355 1165 lll.
1368 1097 1398 1162 2.
1421 1100 1564 1165 deseri·
1620 1137 1621 1180 n

438 1220 553 1304 ptiune
571 1216 748 1305 colligitur.
795 1216 859 1291 Qui
881 1215 1023 1300 argitim,
1045 1213 1123 1280 licet
1142 1215 1249 1280 visula
1263 1217 1421 1282 minorem
1444 1220 1566 1284 vastis

439 1337 513 1402 uvis
534 1336 760 1414 exuberasse,
792 1335 932 1400 visulam
958 1334 1025 1400 lato
1049 1322 1130 1401 folio
1163 1335 1290 1401 fruetus
1313 1337 1398 1400 tueri
1418 1352 1564 1406 numan.
1620 1346 1621 1418 i

439 1454 636 1521 ludaeorum
659 1452 750 1536 visu,
782 1453 843 1517 sed
865 1452 1042 1518 iucundam
1064 1473 1188 1537 sapore
1212 1473 1290 1518 esse
1314 1453 1439 1518 Plinius
1457 1455 1562 1544 μδ.
1620 1487 1621 1528 n

438 1569 556 1650 refert,
577 1571 697 1658 quales
716 1583 794 1636 sunt
815 1591 901 1657 quas
922 1570 1023 1636 bodie
1042 1572 1265 1658 „pinnutelle“
1277 1573 1351 1638 Itali
1364 1575 1562 1659 appellant.

440 1693 656 1777 Quapropter
672 1690 704 1755 in
720 1710 793 1755 eam
809 1690 1008 1756 sententiam
1027 1711 1080 1756 me
1093 1692 1254 1756 inclinare
1267 1691 1392 1766 fateor,
1412 1693 1562 1759 athene

440 1809 559 1896 ipsam,
580 1808 612 1873 in
627 1808 756 1875 Latinis
774 1808 975 1894 Sabinisque
994 1806 1132 1873 collibus
1153 1806 1474 1895 frequentissimam,
1502 1834 1562 1876 ve·
1620 1799 1621 1892 i

441 1941 546 1997 terum
566 1929 708 1997 visulam
731 1951 810 1996 esse
832 1930 984 1995 arbitrer.

525 2084 560 2147 ln
582 2081 814 2168 sequentibus·

361 2226 424 2292 nm
892 2199 1091 2292 ao=a‚a
1151 2175 1156 2178 ’
1416 2174 1420 2188 “

492 2335 686 2438 Siquidem
718 2333 856 2411 'luscis
889 2333 1089 2436 peculiaris
1130 2343 1187 2408 est
1214 2333 1404 2410 'l'uderuis
1438 2347 1560 2438 etque

493 2471 603 2548 etiam
627 2469 822 2548 nominis
845 2467 1049 2542 Florentia.
1073 2467 1145 2542 Est
1171 2468 1291 2567 opime
1307 2469 1458 2546 Arretio
1491 2475 1559 2547 tal·

493 2635 590 2713 pona
609 2617 671 2683 rel.
1620 2623 1621 2718 n

443 2747 578 2836 egregie
617 2743 766 2829 Silligius
808 2742 954 2808 coniecit
996 2741 1173 2830 legendum
1218 2760 1296 2806 esse
1334 2740 1556 2828 cognominim
1620 2721 1621 2724 Ἴ

442 2886 529 2952 quae
550 2886 633 2931 vero
656 2875 836 2947 praeterea
859 2874 985 2925 mutare
1007 2859 1120 2937 voluit,
1143 2859 1264 2944 optime
1288 2857 1446 2942 explicari
1473 2881 1556 2942 pos·

441 2998 530 3050 sunt.
557 2983 634 3048 Uva
645 2981 815 3047 Florentia
835 2979 960 3064 oppido
983 2975 1190 3060 cognominis
1209 2973 1282 3053 fuit,
1306 2975 1393 3059 quod
1410 2973 1557 3038 al’linio

441 3123 510 3167 non
521 3101 719 3166 nominatur.
742 3097 909 3163 Arretium
926 3093 1077 3179 possidet
1098 3090 1238 3157 fertilem
1260 3091 1428 3177 talponem
1449 3090 1557 3158 elias-

442 3239 507 3305 que
528 3240 594 3283 non
616 3218 741 3302 pariter
759 3214 897 3298 opimas.

362 3387 426 3451 229
868 3345 917 3420 38
930 3379 968 3414 =
982 3344 1129 3420 ibidem.

491 3483 717 3560 vinaciolam
745 3483 813 3561 soli
839 3492 1022 3556 noverunt
1043 3478 1170 3556 Sabini
1198 3475 1236 3554 et
1260 3478 1509 3557 Laurenti.

523 3635 572 3698 lte
587 3631 690 3718 vulgo
712 3603 867 3697 scribitur
888 3628 941 3693 vel
960 3639 1101 3713 propter
1113 3630 1380 3696 terminationem
1393 3631 1554 3698 vocabuli

440 3753 605 3818 Laurenti
624 3752 752 3832 vitiose,
772 3762 810 3816 ut
830 3760 927 3816 recte
949 3749 1181 3814 animadvertit
1196 3748 1355 3834 Silligius,
1376 3751 1430 3837 qui
1452 3771 1553 3838 repe-

440 3878 507 3941 rire
529 3895 568 3940 se
589 3894 656 3939 non
678 3871 829 3956 potuisse
851 3869 915 3952 ait,
947 3867 1025 3953 quid
1055 3867 1109 3930 hic
1140 3865 1270 3931 lateret.
1315 3867 1382 3932 Pro
1405 3866 1555 3932 laureati

442 3994 541 4060 codd.
562 3991 636 4058 aed
661 3991 742 4054 dant
769 3988 930 4069 celanti,
952 3987 1041 4052 unde
1064 3996 1159 4052 certa
1182 3979 1413 4052 emendatione
1435 3987 1552 4054 efficio

442 4106 599 4184 Caleni,
629 4126 770 4190 quorum
792 4105 867 4166 vina
888 4122 964 4166 eum
987 4101 1120 4168 Sabinis
1143 4103 1242 4168 etiam
1264 4104 1355 4190 apud
1376 4103 1551 4171 Horatium

440 4220 650 4289 camiac.
664 4221 693 4285 9.
715 4229 968 4305 componuntur.
998 4207 1117 4286 ‘simili
1139 4220 1330 4310 corruptela
1351 4223 1440 4290 inira
1453 4227 1483 4313 §.
1496 4225 1549 4292 65.

439 4363 502 4431 pro
527 4338 655 4406 catena
676 4341 750 4405 cod.
771 4358 794 4402 a
814 4335 950 4403 exbibet
972 4335 1137 4406 Ualentia.

888 4489 938 4563 47
946 4487 1031 4564 :4
1059 4490 1097 4564 5.

359 4535 423 4599 ²3⁰
489 4633 649 4710 Ceterae
666 4626 761 4713 vites
781 4624 967 4703 miscellae
987 4546 1161 4707 miluum
1176 4626 1215 4702 iu
1235 4627 1401 4727 quemvis
1415 4653 1544 4729 agrum
