3567 5559
455 537 517 606 ιω
914 539 1014 606 aue
1037 541 1103 610 nr.
1138 499 1146 522 ’

451 723 626 790 nmcoruia
647 733 785 809 practer
805 724 935 792 asinum
948 725 1095 800 ludioum
1116 725 1188 792 iere
1206 724 1327 790 ornuia
1344 721 1468 790 bisulca
1484 737 1550 782 esse

453 839 608 908 affirmet
651 841 800 929 Silligius
820 853 932 910 antem
953 845 1041 910 male
1061 853 1142 930 post
1164 843 1298 910 nullum
1321 839 1552 930 graviusinter·

453 959 648 1046 punctionis
669 959 800 1047 signnm
823 959 1013 1031 collocavit.

374 1161 439 1228 au
859 1147 1164 1243 aoa=51,r1a

507 1318 649 1396 Vocem
673 1341 748 1394 nou
779 1319 918 1396 babere
945 1319 1018 1396 nisi
1051 1343 1146 1420 quaa
1170 1321 1394 1420 pulmonem
1423 1327 1461 1392 et
1484 1322 1559 1388 arte

505 1454 582 1531 rias
606 1454 743 1530 habent
771 1455 843 1530 boc
869 1464 928 1531 est
954 1455 1025 1533 nisi
1052 1480 1148 1556 quae
1174 1455 1324 1556 spirent
1353 1450 1559 1562 Aristotelea

505 1597 621 1690 putat.

538 1753 687 1844 Silligins
707 1759 822 1827 lanum
843 1771 983 1827 secutus
1004 1771 1073 1841 est,
1095 1762 1204 1848 quiin
1226 1761 1335 1828 Nunt.
1358 1759 1423 1825 litt.
1444 1755 1558 1820 Monac.

457 1874 552 1945 1836.
582 1899 614 1945 n.
637 1877 712 1949 165.
736 1881 841 1947 verba
867 1881 937 1946 nisi
960 1901 1046 1977 quiae
1069 1879 1170 1970 palm.
1191 1903 1218 1947 e.
1241 1889 1309 1950 nrt.
1336 1875 1416 1942 laub.
1439 1872 1497 1938 luo
1513 1876 1558 1942 at

456 2017 545 2086 quae
575 2018 675 2086 quum
701 2019 724 2065 a
743 1999 829 2067 er
857 1999 985 2078 absint,
1014 1999 1142 2082 primus
1168 1995 1419 2082 Dalecampius
1443 1986 1558 2056 exulare

456 2117 566 2198 iussit,
588 2117 697 2184 ecod.
713 2115 747 2182 R
767 2126 801 2182 et
820 2116 964 2182 vetustis
986 2113 1184 2180 editionibus
1204 2115 1370 2181 restituit:
1392 2108 1485 2176 baud
1503 2101 1558 2169 scio

456 2234 614 2301 mmale.
657 2235 744 2300 Nam
765 2235 829 2299 etsi
850 2236 926 2318 ipso
939 2234 1024 2300 libro
1046 2254 1112 2319 quo
1133 2235 1234 2299 lanus
1253 2231 1464 2300 sententiam
1481 2239 1557 2290 suan

456 2349 624 2434 exposuit,
644 2351 692 2416 uti
712 2348 790 2414 mibi
811 2371 879 2414 nou
902 2350 992 2433 lieet,
1014 2352 1047 2414 id
1068 2361 1178 2416 tamen
1193 2351 1345 2438 eSilligii
1360 2343 1559 2414 annotatione
1609 2379 1612 2396 r

455 2467 653 2554 perspicere
663 2464 741 2531 mihi
748 2466 877 2545 videor,
891 2483 1042 2533 veterem
1052 2469 1318 2537 lectionemideo
1333 2458 1558 2536 commendari

457 2588 548 2676 quod
568 2585 600 2675 §.
616 2585 690 2652 267.
712 2586 828 2672 pisces
847 2586 925 2652 item
946 2585 1134 2672 „pulmone
1157 2600 1191 2655 et
1208 2590 1370 2656 arteria“
1390 2599 1506 2653 carere
1523 2573 1557 2637 di·

458 2718 589 2774 cantur.
632 2704 679 2771 At
700 2725 782 2772 uero
803 2707 849 2772 itu
871 2706 970 2773 etiam
989 2705 1208 2792 Aristoteles,
1230 2728 1339 2795 aquo
1364 2704 1489 2773 Plinius
1508 2710 1557 2760 sua

459 2826 662 2913 desumpsit,
692 2826 880 2893 orationem
907 2826 1058 2892 variavit.
1112 2827 1201 2899 llist.
1224 2829 1322 2893 anim.
1347 2827 1407 2893 lV.
1428 2821 1457 2889 9.
1482 2811 1555 2880 initio

459 2946 592 3012 dixerat
620 2942 670 3012 διὸ
690 2939 758 3013 ὅσα
778 2942 823 3032 μὴ
842 2937 910 3028 ’ἔχει
929 2942 1114 3031 πνεύμωνα,
1135 2941 1209 3012 odai
1230 2945 1435 3034 φβέγγεται,
1456 2929 1557 3002 deinde

458 3063 530 3132 oid
548 3062 663 3160 ἰχθύες
683 3054 809 3147 ἄφωνοι
828 3061 889 3148 μέν
907 3061 987 3128 εἰσιν
1009 3053 1098 3145 (οὔτε
1118 3060 1186 3149 γὰρ
1207 3061 1376 3150 πνεύμονα
1398 3054 1469 3130 ou’r'ra
1482 3052 1546 3136 ἆρῐη

457 3180 532 3269 plau
546 3179 603 3249 καὶ
617 3179 782 3267 φάρυγγα
793 3171 939 3262 ἔχουσι).
961 3176 1088 3244 Nostro
1099 3186 1212 3243 autem
1230 3177 1306 3244 loco
1328 3201 1393 3247 cur
1413 3178 1465 3245 bis
1485 3169 1554 3236 idem

457 3299 586 3365 diceret
608 3295 732 3362 Plinius
754 3294 954 3379 praesertim
978 3294 1013 3358 in
1045 3315 1084 3360 re
1111 3313 1210 3381 quam
1237 3294 1303 3361 iam
1324 3316 1434 3383 supra
1451 3290 1554 3356 tracta

455 3422 565 3491 verat,
586 3431 692 3479 causa
716 3411 870 3498 proiecto
890 3410 980 3477 nulla
1001 3411 1077 3482 suit:
1107 3416 1267 3501 quocirca
1293 3415 1325 3480 in
1351 3433 1468 3483 eorum
1491 3417 1552 3469 sen·

456 3529 594 3599 tentiam
614 3527 747 3605 inclino,
774 3529 829 3614 qui
852 3526 1024 3611 glossema
1052 3549 1092 3594 se
1113 3530 1383 3614 deprehendisse
1407 3525 1554 3618 putarunt·

456 3647 620 3717 Dubitare
643 3644 775 3732 quidem
797 3643 918 3731 aliquis
945 3646 1074 3729 possit,
1105 3660 1215 3716 utrum
1245 3654 1358 3737 priora
1381 3650 1488 3719 verba
1505 3651 1552 3702 ⁸¹¹²

456 3770 491 3837 b.
505 3789 537 3836 e.
556 3767 623 3833 nisi
640 3787 726 3864 quae
745 3766 870 3856 spirent
898 3765 1063 3832 elicienda
1087 3767 1274 3836 videantur.
1309 3769 1397 3836 Nam
1417 3768 1553 3834 librorum
1610 3735 1613 3870 f

457 3889 544 3958 Mss.
555 3887 788 3955 anctoritatem
800 3887 834 3953 iu
850 3887 971 3955 talibus
978 3907 1045 3952 uon
1059 3889 1259 3974 praevalere
1272 3901 1426 3975 apparat.
1445 3866 1552 3961 Quodsi
1612 3884 1613 3894 ’

321 4047 324 4054 .
357 3999 365 4006 ’
458 4021 571 4077 tamen
581 4011 663 4077 lano
684 4010 891 4093 accedimus,
913 4019 981 4075 tum
999 4028 1066 4074 non
1088 4006 1221 4087 babent,
1242 4009 1306 4074 sed
1327 4007 1471 4072 autem
1487 3987 1550 4061 acri

458 4129 604 4194 bendum
623 4147 704 4195 esse
726 4126 881 4218 proximo
903 4124 1010 4190 verbu
1031 4125 1157 4212 spirent
1177 4126 1435 4194 demonstratur.

296 4370 300 4378 ·
379 4345 443 4415 ua
862 4325 937 4401 aaa
955 4328 1069 4426 253,
1086 4329 1171 4404 115.

511 4499 619 4604 Quae
645 4493 788 4572 maacta
814 4491 1099 4594 appellavimus,
1134 4496 1256 4575 omnia
1289 4499 1363 4578 olai
1389 4499 1550 4598 adspurflu
