3567 5559
466 567 528 636 rou
570 549 576 559 ’
831 519 848 554 '
929 566 1029 632 urta
1049 569 1092 634 a

463 754 593 820 suevit.
634 749 768 838 Duplici
788 760 900 818 autem
922 752 1115 838 corruptela
1135 750 1297 821 laborat.
1344 753 1482 818 Primum
1498 753 1562 816 euin

463 895 531 939 uon
555 871 661 938 altero
680 871 734 937 vel
750 873 848 938 tertio
868 871 921 938 die
943 883 1020 956 post
1038 884 1169 957 partum
1196 894 1316 958 equas
1340 875 1383 936 ad
1400 875 1503 938 initum
1520 873 1563 935 ad-

465 994 642 1060 mittendas
663 1013 752 1071 esse,
773 993 835 1057 sed
860 1013 927 1057 uno
951 1005 1044 1058 certe
1071 1013 1158 1059 anno
1190 992 1441 1078 praeterlapso
1463 1002 1491 1054 et
1507 990 1564 1053 Ari-

464 1111 606 1178 stotcles
628 1123 663 1177 et
682 1111 826 1177 Romani
852 1113 1042 1197 scriptores,
1061 1125 1289 1181 monuerunt.
1321 1107 1404 1179 ὅταν
1427 1108 1459 1178 δὲ
1479 1105 1565 1193 rapi

464 1228 564 1314 ἵππος,
585 1231 649 1300 οὐκ
660 1229 759 1308 etigr-bc
776 1230 857 1318 μετὰ
878 1233 971 1298 τοῦτο
989 1230 1163 1319 πίμπλαται
1180 1229 1280 1298 ἀλλὰ
1295 1229 1447 1300 διαλείπει
1463 1225 1565 1312 χρόνον,

463 1345 521 1417 καί
534 1347 627 1416 τίκτει
647 1347 766 1436 ἀμείνω
789 1351 923 1436 τετάρτῳ
944 1344 963 1435 ἢ
987 1352 1113 1439 πέμπτῳ
1137 1347 1194 1419 ’ἔτει
1221 1351 1315 1440 μετὰ
1338 1349 1397 1416 τὸν
1410 1348 1508 1414 τόκον.
1525 1339 1566 1409 iou

463 1465 490 1533 ὅ
513 1465 659 1532 ἐνιαυτὸν
687 1464 744 1533 καί
766 1467 901 1554 πάμπαν
922 1468 1056 1556 ἀνάγκη
1077 1468 1254 1536 διαλείπειν
1283 1464 1348 1534 καί
1371 1472 1469 1532 ποιεῖν
1487 1459 1565 1543 ὥσπερ

461 1587 556 1655 νειὸν.
597 1589 647 1652 lta
668 1587 814 1674 loquitur
836 1589 1039 1656 Aristoteles
1058 1589 1141 1658 Hist.
1164 1591 1272 1656 anim.
1288 1588 1350 1652 Vl.
1364 1587 1416 1649 tt.
1443 1585 1564 1657 QUO⁰¹¹¹¹¹

463 1707 676 1773 consentiunt
687 1707 801 1775 Varro
812 1709 854 1776 R.
866 1709 906 1775 R.
916 1711 956 1774 ΙΙ.
969 1709 999 1786 ἵ.
1021 1709 1194 1789 „Alternis
1216 1710 1281 1796 qui
1306 1707 1495 1780 admittunt,
1514 1699 1565 1761 diu·

463 1825 628 1891 turpiores
652 1846 758 1912 equos
780 1836 814 1891 ct
841 1826 999 1893 meliores
1020 1826 1129 1912 pullos
1150 1828 1223 1893 fieri
1250 1828 1387 1910 dicunt,
1422 1825 1522 1906 itaque
1540 1825 1563 1877 ut

461 1944 630 2011 restibiles
652 1956 788 2030 segetes
817 1956 934 2010 esseut
962 1948 1170 2025 exactiores,
1200 1947 1254 2010 sic
1287 1941 1473 2032 quotannis
1500 1951 1563 2021 quae

461 2075 688 2149 praegnantes
699 2061 855 2128 fuerint.“
870 2061 1055 2128 Columella
1064 2062 1172 2130 vlit.
1186 2063 1367 2149 „Vulgari
1377 2059 1515 2125 feminae
1526 2071 1562 2114 so-

460 2181 570 2248 lemuc
592 2194 645 2247 εει
668 2182 819 2248 omnibus
841 2181 938 2246 annis
961 2200 1098 2264 parere,
1121 2201 1336 2266 generosam
1360 2173 1511 2243 convenit
1529 2166 1561 2230 al·

461 2298 565 2362 ternis
577 2299 762 2375 continere,
783 2317 848 2380 quo
870 2295 995 2361 firmior
1014 2296 1122 2381 pullus
1135 2297 1224 2363 lacte
1240 2310 1405 2364 materno
1417 2289 1561 2358 laboribus

461 2413 676 2479 certaminum
697 2418 954 2496 praeparetur“.
1004 2413 1172 2479 Palladius
1192 2416 1253 2485 tv.
1276 2415 1332 2484 13.
1357 2462 1380 2495 „
1391 2413 1559 2477 Generosos

463 2552 586 2618 equas,
610 2543 643 2598 et
664 2551 750 2617 quae
773 2529 940 2597 masculos
963 2534 1126 2612 nutriunt,
1156 2536 1301 2602 alternis
1327 2533 1428 2598 annis
1449 2521 1558 2592 subnit-

462 2662 535 2718 tere
556 2652 778 2717 debebimus“
799 2647 859 2719 rel.
916 2650 991 2715 Non
1014 2649 1081 2715 hoo
1103 2651 1202 2734 igitur
1225 2653 1312 2718 dicit
1336 2649 1478 2722 Plinius,
1503 2635 1556 2702 fieri

462 2796 529 2841 uou
551 2794 653 2861 posse
673 2783 708 2838 ut
729 2773 864 2857 saepius
884 2789 990 2859 equae
1005 2773 1248 2852 submittantur,
1274 2775 1342 2840 sed
1367 2767 1485 2834 utiliter
1502 2750 1555 2820 lieri
1601 2843 1602 2846 Ἴ

462 2916 537 2960 cum
558 2894 716 2959 Varrone
740 2912 837 2977 quem
861 2891 949 2956 inter
968 2900 1127 2954 auctores
1156 2889 1230 2953 libri
1250 2890 1295 2961 X.
1318 2879 1503 2954 enumerari
1520 2871 1554 2935 le·

459 3014 586 3099 gimus,
615 3021 727 3096 negat.
782 3009 891 3074 Recte
920 3008 1017 3094 igitur
1044 3005 1230 3072 Frobenius
1260 3027 1413 3093 eumque
1438 3003 1551 3066 secutus

459 3130 697 3215 Dalecampius
726 3148 801 3191 cum
828 3126 979 3190 omnibus
1003 3124 1195 3189 auctoribus
1225 3123 1370 3191 Plinium
1398 3111 1551 3186 conciliare

457 3248 600 3321 studuit3
622 3245 710 3330 quod
732 3253 842 3306 autem
865 3262 984 3306 vocem
1004 3241 1091 3304 diem
1110 3241 1142 3305 iu
1165 3264 1294 3305 annum
1316 3223 1548 3313 nonantulani
1600 3311 1601 3314 Ἴ

456 3345 490 3429 id
509 3364 641 3447 quidem
662 3360 814 3427 licentius
833 3379 930 3443 quam
951 3357 1103 3424 decebat.
1146 3357 1286 3440 Scilicet
1305 3362 1397 3426 idem
1418 3354 1548 3428 dittogra-

455 3483 556 3571 phiae
582 3480 697 3545 vitium
724 3499 790 3561 quo
817 3497 899 3560 prae
928 3476 1064 3560 reliquis
1087 3497 1173 3559 opus
1195 3490 1347 3544 nostrum
1370 3472 1546 3561 inquinatur,

455 3603 510 3668 bic
532 3619 664 3688 quoque
686 3595 868 3661 admissum
892 3604 953 3658 est.
995 3594 1032 3657 ln
1055 3595 1229 3682 archetypi
1255 3603 1344 3666 enim
1365 3597 1458 3665 fonte
1477 3585 1545 3649 litet

453 3724 582 3810 scripta
599 3718 704 3786 fuisse
727 3716 871 3782 arbitror
891 3733 976 3780 voce
999 3736 1124 3777 annum
1147 3715 1179 3782 in
1202 3739 1306 3781 unum
1326 3719 1498 3797 corrupta:

719 3859 816 3914 aaran
839 3822 900 3900 alr
923 3857 998 3899 rosa
1022 3820 1083 3899 aar
1106 3857 1182 3899 roan
1205 3823 1295 3901 rnna.

538 3962 634 4036 Quae
657 3978 755 4043 qaum
777 3957 957 4020 emendare
980 3964 1159 4018 conaretur
1181 3954 1356 4040 archetypi
1377 3948 1499 4018 scriba>
1517 3931 1540 3994 5¹¹

454 4080 647 4155 enerravit,
671 4074 834 4160 quodnon
847 4071 989 4135 delenda
1002 4073 1166 4156 quaedam
1189 4090 1267 4135 esse
1290 4073 1353 4136 sed
1374 4049 1538 4150 supplenda
1599 4034 1600 4122 i

453 4195 633 4259 arbitratus
663 4202 733 4271 est,
762 4200 795 4252 et
815 4187 962 4250 ultimum
986 4187 1181 4252 vocabulum
1205 4210 1267 4271 pro
1290 4191 1422 4254 siucero
1442 4166 1537 4244 babut'l

452 4333 494 4378 ao
509 4308 639 4373 tertium
648 4305 734 4368 alienu
751 4325 793 4368 ex
805 4301 937 4386 iugenio
950 4299 1084 4384 addidit,
1098 4303 1186 4366 unde
1202 4315 1393 4387 portentum
1404 4284 1535 4367 lectionis
1598 4319 1599 4373 ;

493 4446 593 4524 equas
613 4431 723 4486 autern
740 4429 813 4507 posi
834 4419 966 4484 tertium
988 4418 1119 4482 tertium
1142 4419 1227 4484 diem
1248 4434 1307 4489 aut
1325 4432 1396 4512 poti
1415 4427 1506 4483 aaut!

451 4550 604 4620 effectum
625 4549 688 4608 εει.
