<?xml version="1.0" encoding="UTF-8"?>
<!DOCTYPE html PUBLIC "-//W3C//DTD XHTML 1.0 Transitional//EN"
    "http://www.w3.org/TR/xhtml1/DTD/xhtml1-transitional.dtd">
<html xmlns="http://www.w3.org/1999/xhtml" xml:lang="en" lang="en">
 <head>
  <title>
</title>
<meta http-equiv="Content-Type" content="text/html;charset=utf-8" />
  <meta name='ocr-system' content='tesseract 3.04.00' />
  <meta name='ocr-capabilities' content='ocr_page ocr_carea ocr_par ocr_line ocrx_word'/>
</head>
<body>
  <div class='ocr_page' id='page_1' title='image "./vindiciaeplinia00urligoog_0173.png"; bbox 0 0 3567 5559; ppageno 0'>
   <div class='ocr_carea' id='block_1_1' title="bbox 734 477 1385 546">
    <p class='ocr_par' dir='ltr' id='par_1_1' title="bbox 734 477 1385 546">
     <span class='ocr_line' id='line_1_1' title="bbox 734 477 1385 546; baseline -0.005 -1"><span class='ocrx_word' id='word_1_1' title='bbox 734 479 837 545; x_wconf 71' lang='lat' dir='ltr'><strong>nter</strong></span> <span class='ocrx_word' id='word_1_2' title='bbox 855 480 926 546; x_wconf 71' lang='lat' dir='ltr'><strong>xli</strong></span> <span class='ocrx_word' id='word_1_3' title='bbox 1324 477 1385 542; x_wconf 67' lang='lat' dir='ltr'><strong>lffi</strong></span> 
     </span>
    </p>
   </div>
   <div class='ocr_carea' id='block_1_2' title="bbox 251 659 1385 2394">
    <p class='ocr_par' dir='ltr' id='par_1_2' title="bbox 251 659 1385 2394">
     <span class='ocr_line' id='line_1_2' title="bbox 251 659 1385 753; baseline 0 -25"><span class='ocrx_word' id='word_1_4' title='bbox 251 673 335 728; x_wconf 80' lang='lat' dir='ltr'><strong>tam</strong></span> <span class='ocrx_word' id='word_1_5' title='bbox 358 663 507 751; x_wconf 80' lang='lat' dir='ltr'><strong>aliquam</strong></span> <span class='ocrx_word' id='word_1_6' title='bbox 535 666 631 732; x_wconf 84' lang='lat' dir='ltr'><strong>deam</strong></span> <span class='ocrx_word' id='word_1_7' title='bbox 658 665 765 732; x_wconf 84' lang='lat' dir='ltr'><strong>inisse</strong></span> <span class='ocrx_word' id='word_1_8' title='bbox 791 666 1004 753; x_wconf 67' lang='lat' dir='ltr'>pronuntiat,</span> <span class='ocrx_word' id='word_1_9' title='bbox 1033 663 1097 732; x_wconf 78' lang='lat' dir='ltr'><strong>aad</strong></span> <span class='ocrx_word' id='word_1_10' title='bbox 1115 673 1157 741; x_wconf 71' lang='lat' dir='ltr'><strong>,et</strong></span> <span class='ocrx_word' id='word_1_11' title='bbox 1180 659 1320 728; x_wconf 86' lang='lat' dir='ltr'><strong>Dianam</strong></span> <span class='ocrx_word' id='word_1_12' title='bbox 1351 673 1385 728; x_wconf 86' lang='lat' dir='ltr'><strong>et</strong></span> 
     </span>
     <span class='ocr_line' id='line_1_3' title="bbox 256 780 1383 868; baseline -0.003 -22"><span class='ocrx_word' id='word_1_13' title='bbox 256 782 521 848; x_wconf 64' lang='lat' dir='ltr'><strong>Fortunam‘eo</strong></span> <span class='ocrx_word' id='word_1_14' title='bbox 541 783 740 868; x_wconf 72' lang='lat' dir='ltr'><strong>cognomine</strong></span> <span class='ocrx_word' id='word_1_15' title='bbox 752 785 879 850; x_wconf 84' lang='lat' dir='ltr'><strong>ornari</strong></span> <span class='ocrx_word' id='word_1_16' title='bbox 898 782 1051 849; x_wconf 84' lang='lat' dir='ltr'><strong>affirmat.</strong></span> <span class='ocrx_word' id='word_1_17' title='bbox 1100 781 1190 846; x_wconf 89' lang='lat' dir='ltr'><strong>idem</strong></span> <span class='ocrx_word' id='word_1_18' title='bbox 1211 801 1278 844; x_wconf 91' lang='lat' dir='ltr'><strong>non</strong></span> <span class='ocrx_word' id='word_1_19' title='bbox 1301 780 1383 863; x_wconf 87' lang='lat' dir='ltr'><strong>Opi-</strong></span> 
     </span>
     <span class='ocr_line' id='line_1_4' title="bbox 256 898 1382 996; baseline 0.002 -33"><span class='ocrx_word' id='word_1_20' title='bbox 256 898 363 967; x_wconf 80' lang='lat' dir='ltr'><strong>ferae</strong></span> <span class='ocrx_word' id='word_1_21' title='bbox 391 901 514 967; x_wconf 84' lang='lat' dir='ltr'><strong>aedem</strong></span> <span class='ocrx_word' id='word_1_22' title='bbox 543 922 631 988; x_wconf 87' lang='lat' dir='ltr'><strong>quae</strong></span> <span class='ocrx_word' id='word_1_23' title='bbox 659 901 749 971; x_wconf 91' lang='lat' dir='ltr'><strong>nulla</strong></span> <span class='ocrx_word' id='word_1_24' title='bbox 770 902 832 970; x_wconf 85' lang='lat' dir='ltr'><strong>luit</strong></span> <span class='ocrx_word' id='word_1_25' title='bbox 860 899 1187 996; x_wconf 17' lang='lat' dir='ltr'><strong>(naque&#39;Fortnnaa</strong></span> <span class='ocrx_word' id='word_1_26' title='bbox 1208 898 1382 966; x_wconf 76' lang='lat' dir='ltr'><strong>Dianaete</strong></span> 
     </span>
     <span class='ocr_line' id='line_1_5' title="bbox 258 1017 1380 1108; baseline -0.003 -24"><span class='ocrx_word' id='word_1_27' title='bbox 258 1040 308 1084; x_wconf 89' lang='lat' dir='ltr'><strong>eo</strong></span> <span class='ocrx_word' id='word_1_28' title='bbox 329 1020 466 1087; x_wconf 88' lang='lat' dir='ltr'><strong>nomine</strong></span> <span class='ocrx_word' id='word_1_29' title='bbox 487 1020 617 1086; x_wconf 82' lang='lat' dir='ltr'><strong>Romae</strong></span> <span class='ocrx_word' id='word_1_30' title='bbox 639 1022 798 1108; x_wconf 89' lang='lat' dir='ltr'><strong>templum</strong></span> <span class='ocrx_word' id='word_1_31' title='bbox 822 1033 970 1087; x_wconf 88' lang='lat' dir='ltr'><strong>erectum</strong></span> <span class='ocrx_word' id='word_1_32' title='bbox 993 1022 1075 1106; x_wconf 90' lang='lat' dir='ltr'><strong>est),</strong></span> <span class='ocrx_word' id='word_1_33' title='bbox 1096 1021 1158 1084; x_wconf 90' lang='lat' dir='ltr'><strong>sed</strong></span> <span class='ocrx_word' id='word_1_34' title='bbox 1181 1017 1265 1103; x_wconf 89' lang='lat' dir='ltr'><strong>Opis</strong></span> <span class='ocrx_word' id='word_1_35' title='bbox 1286 1018 1380 1082; x_wconf 86' lang='lat' dir='ltr'><strong>intel-</strong></span> 
     </span>
     <span class='ocr_line' id='line_1_6' title="bbox 259 1135 1380 1225; baseline -0.001 -23"><span class='ocrx_word' id='word_1_36' title='bbox 259 1137 433 1225; x_wconf 85' lang='lat' dir='ltr'><strong>ligendam</strong></span> <span class='ocrx_word' id='word_1_37' title='bbox 460 1158 540 1204; x_wconf 89' lang='lat' dir='ltr'><strong>esse</strong></span> <span class='ocrx_word' id='word_1_38' title='bbox 562 1140 658 1219; x_wconf 85' lang='lat' dir='ltr'><strong>vidit,</strong></span> <span class='ocrx_word' id='word_1_39' title='bbox 684 1151 783 1225; x_wconf 88' lang='lat' dir='ltr'><strong>atque</strong></span> <span class='ocrx_word' id='word_1_40' title='bbox 809 1141 844 1205; x_wconf 90' lang='lat' dir='ltr'><strong>in</strong></span> <span class='ocrx_word' id='word_1_41' title='bbox 867 1159 910 1206; x_wconf 87' lang='lat' dir='ltr'><strong>eo</strong></span> <span class='ocrx_word' id='word_1_42' title='bbox 931 1148 1057 1205; x_wconf 87' lang='lat' dir='ltr'><strong>tautum</strong></span> <span class='ocrx_word' id='word_1_43' title='bbox 1078 1135 1196 1221; x_wconf 85' lang='lat' dir='ltr'><strong>lapsus</strong></span> <span class='ocrx_word' id='word_1_44' title='bbox 1217 1147 1270 1202; x_wconf 91' lang='lat' dir='ltr'><strong>est</strong></span> <span class='ocrx_word' id='word_1_45' title='bbox 1291 1137 1380 1222; x_wconf 89' lang='lat' dir='ltr'><strong>quod</strong></span> 
     </span>
     <span class='ocr_line' id='line_1_7' title="bbox 262 1254 1379 1343; baseline 0 -23"><span class='ocrx_word' id='word_1_46' title='bbox 262 1254 349 1343; x_wconf 76' lang='lat' dir='ltr'><strong>Opia</strong></span> <span class='ocrx_word' id='word_1_47' title='bbox 370 1278 448 1320; x_wconf 80' lang='lat' dir='ltr'><strong>vere</strong></span> <span class='ocrx_word' id='word_1_48' title='bbox 466 1256 533 1341; x_wconf 77' lang='lat' dir='ltr'><strong>legi</strong></span> <span class='ocrx_word' id='word_1_49' title='bbox 555 1256 670 1322; x_wconf 85' lang='lat' dir='ltr'><strong>voluit.</strong></span> <span class='ocrx_word' id='word_1_50' title='bbox 721 1257 807 1322; x_wconf 89' lang='lat' dir='ltr'><strong>Nam</strong></span> <span class='ocrx_word' id='word_1_51' title='bbox 833 1277 942 1342; x_wconf 88' lang='lat' dir='ltr'><strong>neque</strong></span> <span class='ocrx_word' id='word_1_52' title='bbox 969 1261 1114 1336; x_wconf 78' lang='lat' dir='ltr'><strong>„rere“</strong></span> <span class='ocrx_word' id='word_1_53' title='bbox 1143 1255 1232 1320; x_wconf 89' lang='lat' dir='ltr'><strong>idem</strong></span> <span class='ocrx_word' id='word_1_54' title='bbox 1257 1264 1309 1320; x_wconf 90' lang='lat' dir='ltr'><strong>est</strong></span> <span class='ocrx_word' id='word_1_55' title='bbox 1337 1273 1379 1320; x_wconf 91' lang='lat' dir='ltr'><strong>ac</strong></span> 
     </span>
     <span class='ocr_line' id='line_1_8' title="bbox 257 1373 1377 1460; baseline 0 -23"><span class='ocrx_word' id='word_1_56' title='bbox 257 1395 360 1457; x_wconf 85' lang='lat' dir='ltr'><strong>„non</strong></span> <span class='ocrx_word' id='word_1_57' title='bbox 382 1373 563 1460; x_wconf 80' lang='lat' dir='ltr'>perplexe,</span> <span class='ocrx_word' id='word_1_58' title='bbox 590 1373 708 1438; x_wconf 85' lang='lat' dir='ltr'><strong>iuste“</strong></span> <span class='ocrx_word' id='word_1_59' title='bbox 738 1394 847 1460; x_wconf 91' lang='lat' dir='ltr'><strong>neque</strong></span> <span class='ocrx_word' id='word_1_60' title='bbox 868 1375 1053 1440; x_wconf 87' lang='lat' dir='ltr'><strong>orationem</strong></span> <span class='ocrx_word' id='word_1_61' title='bbox 1075 1373 1253 1459; x_wconf 83' lang='lat' dir='ltr'><strong>quamlibet</strong></span> <span class='ocrx_word' id='word_1_62' title='bbox 1275 1373 1377 1437; x_wconf 89' lang='lat' dir='ltr'><strong>medi-</strong></span> 
     </span>
     <span class='ocr_line' id='line_1_9' title="bbox 257 1490 1375 1590; baseline -0.004 -32"><span class='ocrx_word' id='word_1_63' title='bbox 257 1505 357 1560; x_wconf 88' lang='lat' dir='ltr'><strong>tatus</strong></span> <span class='ocrx_word' id='word_1_64' title='bbox 377 1504 429 1559; x_wconf 84' lang='lat' dir='ltr'><strong>est</strong></span> <span class='ocrx_word' id='word_1_65' title='bbox 452 1492 621 1560; x_wconf 81' lang='lat' dir='ltr'><strong>Metellus.</strong></span> <span class='ocrx_word' id='word_1_66' title='bbox 674 1493 843 1590; x_wconf 84' lang='lat' dir='ltr'><strong>Pontificis</strong></span> <span class='ocrx_word' id='word_1_67' title='bbox 872 1493 958 1558; x_wconf 88' lang='lat' dir='ltr'><strong>enim</strong></span> <span class='ocrx_word' id='word_1_68' title='bbox 981 1503 1055 1558; x_wconf 88' lang='lat' dir='ltr'><strong>erat</strong></span> <span class='ocrx_word' id='word_1_69' title='bbox 1076 1491 1110 1556; x_wconf 93' lang='lat' dir='ltr'><strong>in</strong></span> <span class='ocrx_word' id='word_1_70' title='bbox 1132 1491 1262 1556; x_wconf 90' lang='lat' dir='ltr'><strong>aedium</strong></span> <span class='ocrx_word' id='word_1_71' title='bbox 1285 1490 1375 1555; x_wconf 89' lang='lat' dir='ltr'><strong>dedi·</strong></span> 
     </span>
     <span class='ocr_line' id='line_1_10' title="bbox 253 1599 1375 1697; baseline 0.001 -23"><span class='ocrx_word' id='word_1_72' title='bbox 253 1612 398 1676; x_wconf 83' lang='lat' dir='ltr'><strong>catione</strong></span> <span class='ocrx_word' id='word_1_73' title='bbox 418 1621 515 1677; x_wconf 87' lang='lat' dir='ltr'><strong>certa</strong></span> <span class='ocrx_word' id='word_1_74' title='bbox 537 1613 680 1697; x_wconf 84' lang='lat' dir='ltr'><strong>quadam</strong></span> <span class='ocrx_word' id='word_1_75' title='bbox 701 1599 845 1679; x_wconf 76' lang='lat' dir='ltr'><strong>formula</strong></span> <span class='ocrx_word' id='word_1_76' title='bbox 864 1614 921 1691; x_wconf 87' lang='lat' dir='ltr'><strong>nti,</strong></span> <span class='ocrx_word' id='word_1_77' title='bbox 943 1632 1041 1697; x_wconf 90' lang='lat' dir='ltr'><strong>quam</strong></span> <span class='ocrx_word' id='word_1_78' title='bbox 1064 1613 1236 1678; x_wconf 84' lang='lat' dir='ltr'><strong>ediscebat</strong></span> <span class='ocrx_word' id='word_1_79' title='bbox 1257 1610 1375 1677; x_wconf 89' lang='lat' dir='ltr'><strong>Metel·</strong></span> 
     </span>
     <span class='ocr_line' id='line_1_11' title="bbox 255 1729 1375 1818; baseline -0.002 -23"><span class='ocrx_word' id='word_1_80' title='bbox 255 1729 314 1797; x_wconf 90' lang='lat' dir='ltr'><strong>lus</strong></span> <span class='ocrx_word' id='word_1_81' title='bbox 337 1741 372 1795; x_wconf 91' lang='lat' dir='ltr'><strong>et</strong></span> <span class='ocrx_word' id='word_1_82' title='bbox 387 1731 609 1796; x_wconf 70' lang='lat' dir='ltr'><strong>meditabatur</strong></span> <span class='ocrx_word' id='word_1_83' title='bbox 624 1753 668 1798; x_wconf 90' lang='lat' dir='ltr'><strong>ne</strong></span> <span class='ocrx_word' id='word_1_84' title='bbox 685 1732 718 1797; x_wconf 92' lang='lat' dir='ltr'><strong>iu</strong></span> <span class='ocrx_word' id='word_1_85' title='bbox 735 1733 982 1818; x_wconf 91' lang='lat' dir='ltr'><strong>pronuntiando</strong></span> <span class='ocrx_word' id='word_1_86' title='bbox 1005 1730 1185 1796; x_wconf 86' lang='lat' dir='ltr'><strong>falleretur.</strong></span> <span class='ocrx_word' id='word_1_87' title='bbox 1211 1731 1279 1795; x_wconf 90' lang='lat' dir='ltr'><strong>lam</strong></span> <span class='ocrx_word' id='word_1_88' title='bbox 1293 1749 1375 1795; x_wconf 87' lang='lat' dir='ltr'><strong>vero</strong></span> 
     </span>
     <span class='ocr_line' id='line_1_12' title="bbox 255 1848 1375 1937; baseline 0.003 -26"><span class='ocrx_word' id='word_1_89' title='bbox 255 1848 433 1914; x_wconf 76' lang='lat' dir='ltr'><strong>sollemnis</strong></span> <span class='ocrx_word' id='word_1_90' title='bbox 458 1861 491 1914; x_wconf 88' lang='lat' dir='ltr'><strong>et</strong></span> <span class='ocrx_word' id='word_1_91' title='bbox 519 1851 658 1937; x_wconf 89' lang='lat' dir='ltr'><strong>propria</strong></span> <span class='ocrx_word' id='word_1_92' title='bbox 689 1854 723 1917; x_wconf 90' lang='lat' dir='ltr'><strong>in</strong></span> <span class='ocrx_word' id='word_1_93' title='bbox 755 1851 812 1918; x_wconf 92' lang='lat' dir='ltr'><strong>tali</strong></span> <span class='ocrx_word' id='word_1_94' title='bbox 843 1853 1054 1917; x_wconf 83' lang='lat' dir='ltr'><strong>dedicatione</strong></span> <span class='ocrx_word' id='word_1_95' title='bbox 1086 1851 1183 1917; x_wconf 86' lang='lat' dir='ltr'><strong>vocis</strong></span> <span class='ocrx_word' id='word_1_96' title='bbox 1214 1851 1375 1934; x_wconf 64' lang='lat' dir='ltr'><strong>„verbaf‘</strong></span> 
     </span>
     <span class='ocr_line' id='line_1_13' title="bbox 254 1965 1373 2062; baseline -0.001 -30"><span class='ocrx_word' id='word_1_97' title='bbox 254 1965 460 2053; x_wconf 80' lang='lat' dir='ltr'><strong>significatio</strong></span> <span class='ocrx_word' id='word_1_98' title='bbox 484 1977 551 2034; x_wconf 85' lang='lat' dir='ltr'><strong>est.</strong></span> <span class='ocrx_word' id='word_1_99' title='bbox 603 1967 741 2051; x_wconf 87' lang='lat' dir='ltr'><strong>„Verba</strong></span> <span class='ocrx_word' id='word_1_100' title='bbox 762 1970 897 2053; x_wconf 89' lang='lat' dir='ltr'><strong>praeire</strong></span> <span class='ocrx_word' id='word_1_101' title='bbox 908 1975 931 2009; x_wconf 79' lang='lat'><strong>‘⁶</strong></span> <span class='ocrx_word' id='word_1_102' title='bbox 961 1968 1104 2054; x_wconf 82' lang='lat' dir='ltr'><strong>legimus</strong></span> <span class='ocrx_word' id='word_1_103' title='bbox 1129 1970 1219 2052; x_wconf 90' lang='lat' dir='ltr'><strong>apud</strong></span> <span class='ocrx_word' id='word_1_104' title='bbox 1245 1967 1373 2062; x_wconf 86' lang='lat' dir='ltr'><strong>Livium</strong></span> 
     </span>
     <span class='ocr_line' id='line_1_14' title="bbox 251 2082 1373 2170; baseline 0.003 -23"><span class='ocrx_word' id='word_1_105' title='bbox 251 2083 376 2163; x_wconf 71' lang='lat' dir='ltr'><strong>lxta,</strong></span> <span class='ocrx_word' id='word_1_106' title='bbox 396 2086 524 2169; x_wconf 85' lang='lat' dir='ltr'><strong>„verba</strong></span> <span class='ocrx_word' id='word_1_107' title='bbox 536 2082 679 2150; x_wconf 87' lang='lat' dir='ltr'><strong>lacere“</strong></span> <span class='ocrx_word' id='word_1_108' title='bbox 700 2087 789 2168; x_wconf 90' lang='lat' dir='ltr'><strong>apud</strong></span> <span class='ocrx_word' id='word_1_109' title='bbox 802 2083 1077 2170; x_wconf 83' lang='lat' dir='ltr'><strong>Cic.p.dom.46,</strong></span> <span class='ocrx_word' id='word_1_110' title='bbox 1092 2086 1221 2168; x_wconf 90' lang='lat' dir='ltr'><strong>„verba</strong></span> <span class='ocrx_word' id='word_1_111' title='bbox 1237 2085 1373 2150; x_wconf 89' lang='lat' dir='ltr'><strong>dicere“</strong></span> 
     </span>
     <span class='ocr_line' id='line_1_15' title="bbox 254 2199 1372 2292; baseline 0.008 -27"><span class='ocrx_word' id='word_1_112' title='bbox 254 2203 352 2286; x_wconf 79' lang='lat' dir='ltr'><strong>apud</strong></span> <span class='ocrx_word' id='word_1_113' title='bbox 374 2199 517 2269; x_wconf 84' lang='lat' dir='ltr'><strong>Gellium</strong></span> <span class='ocrx_word' id='word_1_114' title='bbox 538 2203 633 2272; x_wconf 70' lang='lat' dir='ltr'><strong>tlt.</strong></span> <span class='ocrx_word' id='word_1_115' title='bbox 654 2204 798 2270; x_wconf 82' lang='lat' dir='ltr'><strong>eFabio</strong></span> <span class='ocrx_word' id='word_1_116' title='bbox 821 2205 966 2272; x_wconf 84' lang='lat' dir='ltr'><strong>Pictore.</strong></span> <span class='ocrx_word' id='word_1_117' title='bbox 1007 2205 1100 2272; x_wconf 84' lang='lat' dir='ltr'><strong>idem</strong></span> <span class='ocrx_word' id='word_1_118' title='bbox 1123 2208 1212 2292; x_wconf 82' lang='lat' dir='ltr'><strong>apud</strong></span> <span class='ocrx_word' id='word_1_119' title='bbox 1234 2205 1372 2274; x_wconf 87' lang='lat' dir='ltr'><strong>Plinium</strong></span> 
     </span>
     <span class='ocr_line' id='line_1_16' title="bbox 254 2323 1097 2394; baseline 0.002 -5"><span class='ocrx_word' id='word_1_120' title='bbox 254 2323 451 2391; x_wconf 82' lang='lat' dir='ltr'><strong>certissima</strong></span> <span class='ocrx_word' id='word_1_121' title='bbox 473 2324 668 2391; x_wconf 86' lang='lat' dir='ltr'><strong>coniectura</strong></span> <span class='ocrx_word' id='word_1_122' title='bbox 688 2325 902 2394; x_wconf 85' lang='lat' dir='ltr'><strong>scribendum</strong></span> <span class='ocrx_word' id='word_1_123' title='bbox 925 2346 1004 2394; x_wconf 83' lang='lat' dir='ltr'><strong>esse</strong></span> <span class='ocrx_word' id='word_1_124' title='bbox 1024 2328 1097 2392; x_wconf 87' lang='lat' dir='ltr'><strong>aio:</strong></span> 
     </span>
    </p>
   </div>
   <div class='ocr_carea' id='block_1_3' title="bbox 395 2475 1233 2569">
    <p class='ocr_par' dir='ltr' id='par_1_3' title="bbox 395 2461 1233 2569">
     <span class='ocr_line' id='line_1_17' title="bbox 395 2475 1233 2569; baseline 0.011 -30"><span class='ocrx_word' id='word_1_125' title='bbox 395 2475 426 2542; x_wconf 76' lang='lat' dir='ltr'><strong>d.</strong></span> <span class='ocrx_word' id='word_1_126' title='bbox 437 2496 491 2540; x_wconf 74' lang='lat' dir='ltr'><strong>nt.</strong></span> <span class='ocrx_word' id='word_1_127' title='bbox 512 2478 549 2541; x_wconf 80' lang='lat' dir='ltr'><strong>t&#39;n</strong></span> <span class='ocrx_word' id='word_1_128' title='bbox 570 2477 755 2544; x_wconf 79' lang='lat' dir='ltr'><strong>dedicanda</strong></span> <span class='ocrx_word' id='word_1_129' title='bbox 773 2481 858 2546; x_wconf 74' lang='lat' dir='ltr'><strong>aede</strong></span> <span class='ocrx_word' id='word_1_130' title='bbox 871 2479 953 2569; x_wconf 74' lang='lat' dir='ltr'><strong>Opis</strong></span> <span class='ocrx_word' id='word_1_131' title='bbox 973 2480 1093 2547; x_wconf 74' lang='lat' dir='ltr'><strong>aerbo</strong></span> <span class='ocrx_word' id='word_1_132' title='bbox 1106 2483 1233 2548; x_wconf 76' lang='lat' dir='ltr'><strong>dicere.</strong></span> 
     </span>
    </p>
   </div>
   <div class='ocr_carea' id='block_1_4' title="bbox 341 2626 1409 2718">
    <p class='ocr_par' dir='ltr' id='par_1_4' title="bbox 341 2626 1409 2718">
     <span class='ocr_line' id='line_1_18' title="bbox 341 2626 1409 2718; baseline 0.008 -27"><span class='ocrx_word' id='word_1_133' title='bbox 341 2626 417 2701; x_wconf 85' lang='lat' dir='ltr'><strong>Qua</strong></span> <span class='ocrx_word' id='word_1_134' title='bbox 447 2629 579 2715; x_wconf 83' lang='lat' dir='ltr'><strong>quidem</strong></span> <span class='ocrx_word' id='word_1_135' title='bbox 607 2633 839 2700; x_wconf 83' lang='lat' dir='ltr'><strong>emendatione</strong></span> <span class='ocrx_word' id='word_1_136' title='bbox 868 2634 910 2699; x_wconf 93' lang='lat' dir='ltr'><strong>de</strong></span> <span class='ocrx_word' id='word_1_137' title='bbox 932 2642 1044 2699; x_wconf 84' lang='lat' dir='ltr'><strong>aetate</strong></span> <span class='ocrx_word' id='word_1_138' title='bbox 1072 2633 1186 2717; x_wconf 88' lang='lat' dir='ltr'><strong>templi</strong></span> <span class='ocrx_word' id='word_1_139' title='bbox 1204 2633 1308 2718; x_wconf 70' lang='lat' dir='ltr'><strong>‘quod</strong></span> <span class='ocrx_word' id='word_1_140' title='bbox 1330 2629 1370 2700; x_wconf 78' lang='lat' dir='ltr'><strong>&#39;in¹</strong></span> <span class='ocrx_word' id='word_1_141' title='bbox 1404 2679 1409 2688; x_wconf 87' lang='lat'><strong>·</strong></span> 
     </span>
    </p>
   </div>
   <div class='ocr_carea' id='block_1_5' title="bbox 251 2743 1368 2932">
    <p class='ocr_par' dir='ltr' id='par_1_5' title="bbox 251 2743 1368 2932">
     <span class='ocr_line' id='line_1_19' title="bbox 251 2743 1368 2840; baseline 0.008 -30"><span class='ocrx_word' id='word_1_142' title='bbox 251 2743 423 2830; x_wconf 82' lang='lat' dir='ltr'><strong>Capitolio</strong></span> <span class='ocrx_word' id='word_1_143' title='bbox 456 2747 556 2815; x_wconf 88' lang='lat' dir='ltr'><strong>situm</strong></span> <span class='ocrx_word' id='word_1_144' title='bbox 586 2769 833 2840; x_wconf 70' lang='lat' dir='ltr'><strong>nonnumquam</strong></span> <span class='ocrx_word' id='word_1_145' title='bbox 863 2759 1163 2828; x_wconf 85' lang='lat' dir='ltr'><strong>commemoratur,</strong></span> <span class='ocrx_word' id='word_1_146' title='bbox 1204 2753 1368 2820; x_wconf 82' lang='lat' dir='ltr'><strong>certiores</strong></span> 
     </span>
     <span class='ocr_line' id='line_1_20' title="bbox 251 2859 1264 2932; baseline 0.009 -3"><span class='ocrx_word' id='word_1_147' title='bbox 251 2859 361 2932; x_wconf 79' lang='lat' dir='ltr'><strong>finus.</strong></span> <span class='ocrx_word' id='word_1_148' title='bbox 1036 2865 1038 2870; x_wconf 79' lang='grc'><strong>’</strong></span> <span class='ocrx_word' id='word_1_149' title='bbox 1261 2859 1264 2867; x_wconf 36' lang='lat'><em>¹</em></span> 
     </span>
    </p>
   </div>
   <div class='ocr_carea' id='block_1_6' title="bbox 655 3007 1448 3118">
    <p class='ocr_par' dir='ltr' id='par_1_6' title="bbox 655 3007 1448 3118">
     <span class='ocr_line' id='line_1_21' title="bbox 655 3007 1448 3118; baseline 0.006 -5"><span class='ocrx_word' id='word_1_150' title='bbox 655 3035 945 3114; x_wconf 76' lang='lat' dir='ltr'><strong>176=ibidem</strong></span> <span class='ocrx_word' id='word_1_151' title='bbox 1194 3007 1196 3016; x_wconf 31' lang='lat'><strong><em>¹</em></strong></span> <span class='ocrx_word' id='word_1_152' title='bbox 1284 3011 1287 3018; x_wconf 20' lang='lat'>¹</span> <span class='ocrx_word' id='word_1_153' title='bbox 1384 3048 1448 3118; x_wconf 76' lang='lat' dir='ltr'><strong>tor</strong></span> 
     </span>
    </p>
   </div>
   <div class='ocr_carea' id='block_1_7' title="bbox 300 3143 1427 3426">
    <p class='ocr_par' dir='ltr' id='par_1_7' title="bbox 300 3143 1427 3426">
     <span class='ocr_line' id='line_1_22' title="bbox 303 3143 1427 3294; baseline 0.004 -30"><span class='ocrx_word' id='word_1_154' title='bbox 303 3143 634 3270; x_wconf 66' lang='lat' dir='ltr'><strong>Alteraoulerior</strong></span> <span class='ocrx_word' id='word_1_155' title='bbox 663 3188 856 3294; x_wconf 80' lang='lat' dir='ltr'><strong>(fistula)</strong></span> <span class='ocrx_word' id='word_1_156' title='bbox 886 3190 1093 3292; x_wconf 87' lang='lat' dir='ltr'><strong>appellatur</strong></span> <span class='ocrx_word' id='word_1_157' title='bbox 1125 3215 1227 3269; x_wconf 84' lang='lat' dir='ltr'><strong>saue</strong></span> <span class='ocrx_word' id='word_1_158' title='bbox 1261 3193 1369 3292; x_wconf 79' lang='lat' dir='ltr'><strong>gulp,</strong></span> <span class='ocrx_word' id='word_1_159' title='bbox 1426 3184 1427 3187; x_wconf 44' lang='lat'>‘</span> 
     </span>
     <span class='ocr_line' id='line_1_23' title="bbox 300 3324 981 3426; baseline 0.003 -26"><span class='ocrx_word' id='word_1_160' title='bbox 300 3350 390 3425; x_wconf 79' lang='lat' dir='ltr'><strong>qua</strong></span> <span class='ocrx_word' id='word_1_161' title='bbox 412 3324 521 3402; x_wconf 79' lang='lat' dir='ltr'><strong>ribus</strong></span> <span class='ocrx_word' id='word_1_162' title='bbox 544 3335 656 3424; x_wconf 82' lang='lat' dir='ltr'><strong>atque</strong></span> <span class='ocrx_word' id='word_1_163' title='bbox 682 3334 795 3426; x_wconf 90' lang='lat' dir='ltr'><strong>potus</strong></span> <span class='ocrx_word' id='word_1_164' title='bbox 820 3325 981 3404; x_wconf 84' lang='lat' dir='ltr'><strong>devolat.</strong></span> 
     </span>
    </p>
   </div>
   <div class='ocr_carea' id='block_1_8' title="bbox 247 3505 1366 3838">
    <p class='ocr_par' dir='ltr' id='par_1_8' title="bbox 247 3505 1366 3838">
     <span class='ocr_line' id='line_1_24' title="bbox 336 3505 1362 3602; baseline 0.014 -34"><span class='ocrx_word' id='word_1_165' title='bbox 336 3505 534 3594; x_wconf 76' lang='lat' dir='ltr'><strong>Appellatar</strong></span> <span class='ocrx_word' id='word_1_166' title='bbox 553 3505 699 3594; x_wconf 83' lang='lat' dir='ltr'><strong>Silligius</strong></span> <span class='ocrx_word' id='word_1_167' title='bbox 720 3509 852 3576; x_wconf 85' lang='lat' dir='ltr'><strong>eeodd.</strong></span> <span class='ocrx_word' id='word_1_168' title='bbox 873 3511 1006 3598; x_wconf 84' lang='lat' dir='ltr'><strong>optimis</strong></span> <span class='ocrx_word' id='word_1_169' title='bbox 1028 3513 1129 3594; x_wconf 89' lang='lat' dir='ltr'><strong>dedit,</strong></span> <span class='ocrx_word' id='word_1_170' title='bbox 1152 3514 1362 3602; x_wconf 81' lang='lat' dir='ltr'><strong>quumvulgo</strong></span> 
     </span>
     <span class='ocr_line' id='line_1_25' title="bbox 247 3623 1361 3734; baseline 0.012 -46"><span class='ocrx_word' id='word_1_171' title='bbox 247 3623 433 3713; x_wconf 72' lang='lat' dir='ltr'><strong>appelletur</strong></span> <span class='ocrx_word' id='word_1_172' title='bbox 456 3625 637 3713; x_wconf 83' lang='lat' dir='ltr'><strong>legeretur.</strong></span> <span class='ocrx_word' id='word_1_173' title='bbox 701 3627 860 3696; x_wconf 81' lang='lat' dir='ltr'><strong>Attamen</strong></span> <span class='ocrx_word' id='word_1_174' title='bbox 889 3652 1012 3698; x_wconf 84' lang='lat' dir='ltr'><strong>vocem</strong></span> <span class='ocrx_word' id='word_1_175' title='bbox 1038 3654 1120 3697; x_wconf 82' lang='lat' dir='ltr'><strong>saue</strong></span> <span class='ocrx_word' id='word_1_176' title='bbox 1146 3644 1224 3734; x_wconf 88' lang='lat' dir='ltr'><strong>tunc</strong></span> <span class='ocrx_word' id='word_1_177' title='bbox 1249 3646 1361 3720; x_wconf 86' lang='lat' dir='ltr'><strong>aptam</strong></span> 
     </span>
     <span class='ocr_line' id='line_1_26' title="bbox 252 3740 1366 3838; baseline 0.007 -29"><span class='ocrx_word' id='word_1_178' title='bbox 252 3765 319 3810; x_wconf 89' lang='lat' dir='ltr'><strong>uon</strong></span> <span class='ocrx_word' id='word_1_179' title='bbox 340 3764 420 3810; x_wconf 87' lang='lat' dir='ltr'><strong>esse</strong></span> <span class='ocrx_word' id='word_1_180' title='bbox 441 3754 594 3830; x_wconf 83' lang='lat' dir='ltr'><strong>apparet.</strong></span> <span class='ocrx_word' id='word_1_181' title='bbox 626 3740 734 3811; x_wconf 90' lang='lat' dir='ltr'><strong>Utitur</strong></span> <span class='ocrx_word' id='word_1_182' title='bbox 754 3766 796 3810; x_wconf 90' lang='lat' dir='ltr'><strong>ea</strong></span> <span class='ocrx_word' id='word_1_183' title='bbox 811 3745 950 3826; x_wconf 88' lang='lat' dir='ltr'><strong>Plinius,</strong></span> <span class='ocrx_word' id='word_1_184' title='bbox 971 3749 1027 3812; x_wconf 92' lang='lat' dir='ltr'><strong>ubi</strong></span> <span class='ocrx_word' id='word_1_185' title='bbox 1048 3770 1119 3815; x_wconf 89' lang='lat' dir='ltr'><strong>rem</strong></span> <span class='ocrx_word' id='word_1_186' title='bbox 1140 3751 1271 3815; x_wconf 90' lang='lat' dir='ltr'><strong>dubiam</strong></span> <span class='ocrx_word' id='word_1_187' title='bbox 1291 3745 1366 3838; x_wconf 56' lang='lat' dir='ltr'><strong>qui?</strong></span> 
     </span>
    </p>
   </div>
   <div class='ocr_carea' id='block_1_9' title="bbox 246 3851 1485 4555">
    <p class='ocr_par' dir='ltr' id='par_1_9' title="bbox 246 3851 1485 4555">
     <span class='ocr_line' id='line_1_27' title="bbox 251 3851 1361 3952; baseline 0.005 -23"><span class='ocrx_word' id='word_1_188' title='bbox 251 3864 327 3930; x_wconf 79' lang='lat' dir='ltr'><strong>dem</strong></span> <span class='ocrx_word' id='word_1_189' title='bbox 349 3885 430 3931; x_wconf 83' lang='lat' dir='ltr'><strong>esse</strong></span> <span class='ocrx_word' id='word_1_190' title='bbox 452 3863 618 3950; x_wconf 80' lang='lat' dir='ltr'><strong>significat</strong></span> <span class='ocrx_word' id='word_1_191' title='bbox 639 3866 700 3931; x_wconf 90' lang='lat' dir='ltr'><strong>sed</strong></span> <span class='ocrx_word' id='word_1_192' title='bbox 721 3865 769 3932; x_wconf 83' lang='lat' dir='ltr'><strong>ita</strong></span> <span class='ocrx_word' id='word_1_193' title='bbox 788 3876 1035 3949; x_wconf 77' lang='lat' dir='ltr'><strong>comparatam,</strong></span> <span class='ocrx_word' id='word_1_194' title='bbox 1059 3851 1096 3931; x_wconf 83' lang='lat' dir='ltr'><strong>nt</strong></span> <span class='ocrx_word' id='word_1_195' title='bbox 1116 3868 1191 3951; x_wconf 91' lang='lat' dir='ltr'><strong>ipse</strong></span> <span class='ocrx_word' id='word_1_196' title='bbox 1214 3869 1361 3952; x_wconf 92' lang='lat' dir='ltr'><strong>opinioni</strong></span> 
     </span>
     <span class='ocr_line' id='line_1_28' title="bbox 249 3971 1365 4070; baseline 0.008 -25"><span class='ocrx_word' id='word_1_197' title='bbox 249 3994 411 4067; x_wconf 83' lang='lat' dir='ltr'><strong>receptae</strong></span> <span class='ocrx_word' id='word_1_198' title='bbox 432 4004 499 4048; x_wconf 91' lang='lat' dir='ltr'><strong>non</strong></span> <span class='ocrx_word' id='word_1_199' title='bbox 519 3992 695 4068; x_wconf 85' lang='lat' dir='ltr'><strong>repugnet.</strong></span> <span class='ocrx_word' id='word_1_200' title='bbox 737 3983 787 4049; x_wconf 88' lang='lat' dir='ltr'><strong>lta</strong></span> <span class='ocrx_word' id='word_1_201' title='bbox 808 3979 897 4047; x_wconf 89' lang='lat' dir='ltr'><strong>infra</strong></span> <span class='ocrx_word' id='word_1_202' title='bbox 913 3983 943 4070; x_wconf 58' lang='grc' dir='ltr'><strong>ᾗ.</strong></span> <span class='ocrx_word' id='word_1_203' title='bbox 957 3981 1028 4050; x_wconf 74' lang='lat'><strong>267.</strong></span> <span class='ocrx_word' id='word_1_204' title='bbox 1048 3971 1232 4064; x_wconf 82' lang='lat' dir='ltr'><strong>„credatur</strong></span> <span class='ocrx_word' id='word_1_205' title='bbox 1253 3981 1365 4054; x_wconf 80' lang='lat' dir='ltr'><strong>sane“&#39;</strong></span> 
     </span>
     <span class='ocr_line' id='line_1_29' title="bbox 250 4098 1358 4190; baseline 0.007 -22"><span class='ocrx_word' id='word_1_206' title='bbox 250 4102 373 4169; x_wconf 85' lang='lat' dir='ltr'><strong>dietum</strong></span> <span class='ocrx_word' id='word_1_207' title='bbox 383 4103 548 4188; x_wconf 86' lang='lat' dir='ltr'><strong>reperies.</strong></span> <span class='ocrx_word' id='word_1_208' title='bbox 582 4103 683 4190; x_wconf 89' lang='lat' dir='ltr'><strong>Atqui</strong></span> <span class='ocrx_word' id='word_1_209' title='bbox 698 4101 766 4170; x_wconf 90' lang='lat' dir='ltr'><strong>hoc</strong></span> <span class='ocrx_word' id='word_1_210' title='bbox 782 4101 857 4168; x_wconf 88' lang='lat' dir='ltr'><strong>loco</strong></span> <span class='ocrx_word' id='word_1_211' title='bbox 872 4102 915 4168; x_wconf 90' lang='lat' dir='ltr'><strong>de</strong></span> <span class='ocrx_word' id='word_1_212' title='bbox 928 4098 1007 4189; x_wconf 84' lang='lat' dir='ltr'><strong>gula</strong></span> <span class='ocrx_word' id='word_1_213' title='bbox 1022 4102 1177 4172; x_wconf 88' lang='lat' dir='ltr'><strong>dubitare</strong></span> <span class='ocrx_word' id='word_1_214' title='bbox 1187 4127 1255 4172; x_wconf 91' lang='lat' dir='ltr'><strong>non</strong></span> <span class='ocrx_word' id='word_1_215' title='bbox 1265 4107 1358 4176; x_wconf 85' lang='lat' dir='ltr'><strong>licet:</strong></span> 
     </span>
     <span class='ocr_line' id='line_1_30' title="bbox 248 4221 1485 4315; baseline 0.01 -28"><span class='ocrx_word' id='word_1_216' title='bbox 248 4222 364 4308; x_wconf 85' lang='lat' dir='ltr'><strong>itaque</strong></span> <span class='ocrx_word' id='word_1_217' title='bbox 386 4221 429 4286; x_wconf 88' lang='lat' dir='ltr'><strong>ad</strong></span> <span class='ocrx_word' id='word_1_218' title='bbox 454 4223 682 4290; x_wconf 89' lang='lat' dir='ltr'><strong>coniecturam</strong></span> <span class='ocrx_word' id='word_1_219' title='bbox 704 4221 964 4310; x_wconf 82' lang='lat' dir='ltr'><strong>confugiendum</strong></span> <span class='ocrx_word' id='word_1_220' title='bbox 991 4234 1053 4292; x_wconf 87' lang='lat' dir='ltr'><strong>est.</strong></span> <span class='ocrx_word' id='word_1_221' title='bbox 1107 4226 1204 4300; x_wconf 86' lang='lat' dir='ltr'><strong>Quae</strong></span> <span class='ocrx_word' id='word_1_222' title='bbox 1225 4230 1358 4315; x_wconf 88' lang='lat' dir='ltr'><strong>quidem</strong></span> <span class='ocrx_word' id='word_1_223' title='bbox 1479 4236 1485 4242; x_wconf 83' lang='grc'><em>“</em></span> 
     </span>
     <span class='ocr_line' id='line_1_31' title="bbox 246 4341 1358 4429; baseline 0.004 -21"><span class='ocrx_word' id='word_1_224' title='bbox 246 4341 337 4409; x_wconf 83' lang='lat' dir='ltr'><strong>facili</strong></span> <span class='ocrx_word' id='word_1_225' title='bbox 360 4343 623 4428; x_wconf 85' lang='lat' dir='ltr'><strong>transpositione</strong></span> <span class='ocrx_word' id='word_1_226' title='bbox 649 4341 832 4429; x_wconf 86' lang='lat' dir='ltr'><strong>perficitur.</strong></span> <span class='ocrx_word' id='word_1_227' title='bbox 882 4345 1024 4411; x_wconf 86' lang='lat' dir='ltr'><strong>Dixerat</strong></span> <span class='ocrx_word' id='word_1_228' title='bbox 1047 4344 1191 4428; x_wconf 87' lang='lat' dir='ltr'><strong>Plinius,</strong></span> <span class='ocrx_word' id='word_1_229' title='bbox 1222 4350 1297 4414; x_wconf 94' lang='lat' dir='ltr'><strong>cibo</strong></span> <span class='ocrx_word' id='word_1_230' title='bbox 1324 4350 1358 4413; x_wconf 94' lang='lat' dir='ltr'><strong>in</strong></span> 
     </span>
     <span class='ocr_line' id='line_1_32' title="bbox 248 4455 1370 4555; baseline 0.004 -28"><span class='ocrx_word' id='word_1_231' title='bbox 248 4461 409 4530; x_wconf 85' lang='lat' dir='ltr'><strong>arteriam</strong></span> <span class='ocrx_word' id='word_1_232' title='bbox 431 4457 641 4550; x_wconf 86' lang='lat' dir='ltr'><strong>alienumque</strong></span> <span class='ocrx_word' id='word_1_233' title='bbox 652 4455 827 4532; x_wconf 82' lang='lat' dir='ltr'><strong>&#39;tramitem</strong></span> <span class='ocrx_word' id='word_1_234' title='bbox 847 4476 987 4553; x_wconf 82' lang='lat' dir='ltr'><strong>recepto</strong></span> <span class='ocrx_word' id='word_1_235' title='bbox 1009 4466 1175 4536; x_wconf 90' lang='lat' dir='ltr'><strong>homiuem</strong></span> <span class='ocrx_word' id='word_1_236' title='bbox 1195 4469 1370 4555; x_wconf 82' lang='lat' dir='ltr'><strong>torqueri:-</strong></span> 
     </span>
    </p>
   </div>
   <div class='ocr_carea' id='block_1_10' title="bbox 0 0 1788 5559">
    <p class='ocr_par' dir='ltr' id='par_1_10' title="bbox 0 0 1788 5559">
     <span class='ocr_line' id='line_1_33' title="bbox 0 0 1788 5559; baseline 0 4"><span class='ocrx_word' id='word_1_237' title='bbox 0 0 1788 5559; x_wconf 95' lang='lat' dir='ltr'><strong> </strong></span> 
     </span>
    </p>
   </div>
  </div>
 </body>
</html>
