3567 5559
672 727 762 790 rue
780 700 953 790 rrrrrr.
1304 717 1367 788 ma

251 923 298 990 ab
320 924 394 1009 ipso
415 922 569 1008 scriptore
590 918 776 1003 tucamur,
800 919 912 1006 quidni
934 919 1053 985 vitreos
1069 924 1131 984 aut
1151 915 1224 982 vitri
1245 915 1367 982 similes

250 1051 396 1110 oculatos
415 1041 516 1106 iuisaa
531 1037 737 1125 putabimus?
778 1039 892 1124 ltaque
915 1058 975 1103 sor.
998 1041 1042 1102 ab
1065 1039 1200 1102 ocutis.

593 1179 600 1202 ⁸
692 1161 944 1247 202=2t,69.
1387 1145 1448 1266 3¹11

307 1288 548 1369 Pestilentiae
575 1307 671 1388 quae
709 1288 970 1366 obscuratione
1002 1287 1093 1365 solis
1129 1284 1367 1379 contrahitur,

306 1427 418 1525 ignes
445 1423 475 1499 si
502 1421 606 1512 bant,
646 1418 915 1499 multiformiter
941 1420 1107 1497 auxiliari
1134 1429 1274 1500 certum
1298 1428 1366 1500 est.

343 1555 540 1622 Adrorbiam
576 1553 831 1634 ,mntitorniteu
863 1550 965 1618 Plinio
993 1553 1197 1620 obtruserunt
1227 1555 1367 1621 editores

255 1673 500 1760 refrepantlbus
518 1669 691 1738 concinna
714 1671 751 1738 ln
774 1671 794 1736 d
816 1672 900 1736 enim
915 1675 1095 1748 multiforma
1112 1673 1145 1735 in
1162 1673 1371 1750 Bmatttsnrmi

257 1794 380 1880 legitur
408 1792 538 1878 optime.
580 1789 771 1854 Pestilentia
798 1781 999 1854 multiformis
1027 1809 1100 1856 essa
1122 1796 1247 1876 petest,
1276 1792 1369 1878 ignes

258 1933 327 1978 non
349 1915 495 1996 possunt.
518 1907 633 1993 ltaque
654 1907 858 1992 pestilentiae
880 1911 913 1974 in
934 1907 1042 1972 multia
1063 1907 1132 1972 eius
1153 1907 1263 1972 formis
1277 1910 1370 1996 ignes

258 2028 412 2123 auxiliari
434 2025 604 2094 hocnrodo
622 2024 786 2090 dicuntur:
807 2030 893 2106 tunes
917 2031 944 2092 at
953 2029 1037 2104 fiam
1051 2030 1237 2105 multiformi
1256 2049 1283 2093 c.
1301 2049 1328 2094 c.
1342 2048 1368 2094 e.

665 2229 786 2316 lltnt
809 2226 955 2318 milli.

346 2392 459 2457 Ultimi
480 2391 553 2456 libri
574 2405 670 2477 quam
683 2391 802 2456 misera
822 2391 864 2456 sit
879 2391 1036 2476 condicio,
1057 2386 1140 2458 inter
1161 2411 1272 2458 omnes
1294 2415 1369 2458 con·

258 2519 336 2578 stat.
379 2507 482 2585 Quem
511 2530 609 2597 quum
635 2501 677 2573 rie
705 2506 875 2596 dquidem
912 2511 1090 2598 antiquiore
1122 2518 1219 2574 manu
1242 2512 1300 2577 sed
1320 2534 1370 2578 re·

258 2627 406 2695 centiore
427 2627 654 2714 interpolatum
676 2627 849 2710 contineat,
872 2627 914 2692 ad
936 2649 1035 2691 unum
1063 2627 1130 2691 fere
1151 2628 1371 2718 Bambcrgen·

258 2769 332 2813 sem
356 2766 398 2810 ex
419 2744 458 2810 iis
480 2746 535 2832 qui
558 2745 732 2810 etiamnum
761 2746 794 2810 in
816 2744 1018 2810 bibliothecis
1041 2745 1268 2829 adservantur,
1296 2769 1371 2812 con·

258 2863 454 2951 fugiendum
477 2869 535 2929 est.
578 2866 623 2929 At
644 2885 686 2928 nc
708 2865 735 2928 is
758 2863 885 2951 quidem
918 2863 951 2928 in
978 2861 1040 2928 hec
1060 2863 1142 2929 libro
1168 2864 1282 2929 eadem
1309 2887 1372 2953 qua

258 2987 296 3048 in
317 2982 449 3069 reliquis
471 2981 671 3068 praestantia
692 2981 830 3065 excellit,
852 2981 970 3068 quippe
993 2981 1047 3068 qui
1068 2987 1101 3046 ct
1122 2983 1282 3047 nonnullis
1292 2985 1372 3050 locis

258 3100 411 3167 videatur
433 3119 506 3164 esee
536 3100 748 3186 interpolatus
769 3107 802 3165 et
831 3099 998 3185 permultis
1020 3099 1144 3164 lacunis
1165 3101 1315 3169 foedatus
1336 3114 1373 3171 ut

260 3218 404 3307 quadam
427 3239 469 3282 ex
490 3225 582 3301 parte
603 3219 747 3304 excerpti
758 3215 866 3304 potius
884 3235 980 3303 qnam
1002 3218 1118 3304 integri
1139 3217 1211 3284 libri
1232 3226 1371 3308 speciem
1421 3263 1425 3316 ς

259 3354 345 3425 prae
367 3354 406 3401 se
423 3337 518 3402 ierat
559 3337 732 3422 Aliqtranm
755 3342 864 3401 tamen
885 3335 1031 3421 pluribus
1050 3337 1132 3401 loeis
1145 3356 1240 3423 quam
1264 3343 1328 3407 aS.
1347 3345 1370 3408 1.

260 3455 451 3520 conceditur
487 3455 640 3520 orafionir
668 3471 744 3520 vere
759 3454 941 3518 ,Plinianae
971 3457 1109 3543 vestigia
1137 3456 1264 3523 videtur
1296 3477 1372 3523 con-

261 3575 377 3640 tinere.
418 3572 532 3660 Neque
560 3580 730 3659 praetcrea
751 3573 979 3639 contemnendi
1010 3579 1084 3638 sunt
1111 3574 1174 3640 dno
1203 3576 1374 3642 codieesa

263 3691 476 3777 Dalcuampio
497 3690 644 3772 adhibiti,
665 3692 902 3777 Manuscriptus
924 3691 991 3772 ille,
1011 3711 1108 3776 quem
1130 3691 1299 3758 aOuiacio
1320 3715 1372 3759 ac·

263 3815 408 3896 ceperat,
429 3817 463 3874 et
483 3808 643 3874 Fuxenms
664 3808 684 3873 i.
701 3828 728 3873 e.
742 3807 932 3876 Tolosanus.
953 3807 1205 3875 Laurentianum
1222 3813 1373 3882 collatum

262 3928 410 3994 nondum
430 3947 504 3992 esse
526 3927 620 3992 doleo
641 3925 857 3992 vehementer.

294 4079 320 4121 υ
802 4049 835 4124 1ι

315 4179 441 4263 multis
467 4179 569 4258 nulla
593 4179 651 4256 sui
676 4185 779 4280 parte
806 4175 1016 4258 mirabilior.

350 4320 399 4380 sui
421 4313 539 4382 omittit
558 4312 597 4396 B,
617 4313 726 4398 itaque
748 4332 807 4376 nus
830 4332 957 4398 quoque
980 4312 1174 4378 omittemus.

484 4437 634 4522 4=l,2.
665 4420 734 4524 (de
760 4453 908 4531 gemma
933 4428 1169 4530 Polycratis).
1346 4477 1364 4506 ο
1395 4446 1457 4514 813

318 4609 366 4627 -·
393 4566 669 4667 ostenduntque
687 4609 732 4620 —-
759 4563 1002 4643 novissimum
1027 4586 1145 4664 prope
1170 4561 1293 4641 locum
1321 4570 1375 4641 tot

318 4697 496 4801 praelatis
520 4698 761 4779 obtinentem.

1395 4117 1457 4186 812
