3567 5559
701 545 887 628 naara
1285 567 1347 633 rar

217 747 481 814 emendandam
505 767 583 813 esse
603 724 864 814 consentaneum
884 758 946 813 est.
975 748 1059 812 Nam
1072 751 1263 816 cancrinon
1276 745 1346 818 uni·

215 870 320 936 versi
332 880 459 934 contra
469 865 590 934 fluctus
603 878 720 934 natare
735 869 989 956 aggrediuntur,
998 869 1060 933 sed
1074 869 1129 933 ubi
1142 869 1346 954 singulorum

219 998 380 1052 conatus
395 987 509 1051 irritus
532 987 664 1067 mansit,
685 997 777 1050 terra
797 986 966 1051 incedunt.
1005 985 1137 1050 Deinde
1157 988 1345 1073 asyndeton

209 1091 408 1189 displicet:
432 1105 724 1188 atqueverborum
748 1102 897 1168 ordinem
920 1104 1099 1189 antiquitus
1119 1106 1346 1188 perturbatum

217 1221 340 1287 fuisse
363 1223 441 1288 cod.
465 1223 486 1286 d
509 1221 682 1307 probabile
706 1222 758 1300 fit,
785 1223 840 1310 qui
867 1225 973 1288 verba
1002 1215 1181 1318 aliquamlo
1200 1226 1349 1290 uniuersi

218 1343 371 1408 inverso
401 1342 519 1406 ordine
548 1342 693 1408 exhibet.
752 1343 1029 1427 Transpositione
1057 1343 1157 1427 igitur
1190 1346 1346 1410 utendum

220 1472 279 1528 est
303 1472 344 1526 et
367 1459 501 1546 syllaba
524 1460 572 1524 ali
590 1462 624 1525 in
644 1461 676 1526 si
694 1474 851 1529 correcta
872 1464 1106 1528 scribendum:

275 1579 441 1644 Uuiuersi
453 1588 701 1667 couyrepantur,
719 1581 754 1642 si
772 1601 875 1674 quan
885 1580 935 1642 do
958 1601 992 1643 os
1009 1580 1108 1642 Ponti
1120 1580 1269 1642 euirecere
1284 1579 1345 1645 rel.

223 1697 368 1774 Quodsi
384 1695 433 1759 ali
446 1697 578 1762 omnino
596 1696 739 1762 delenda
754 1707 895 1762 censeat
911 1697 1043 1783 aliquia,
1057 1718 1124 1763 nou
1139 1698 1345 1785 repugnabo.

653 1896 779 1974 108:
793 1897 855 1992 aa,
869 1896 931 1972 54.

276 2094 340 2109 -
366 2049 400 2124 si
427 2049 607 2148 fulguret,
644 2046 835 2149 comprimi
864 2047 1023 2123 conchas
1053 2072 1096 2124 ac
1122 2072 1193 2147 pro
1219 2046 1347 2122 ieiunii

279 2188 400 2263 modo
431 2183 567 2278 minui3
597 2184 630 2260 si
655 2211 745 2261 vero
768 2184 877 2260 etiam
904 2184 1089 2280 tonuerit,
1123 2184 1276 2286 pavidas
1301 2210 1345 2262 ac

283 2332 445 2422 repente
460 2345 692 2420 compressas
706 2345 798 2419 qnae
807 2329 940 2397 vocant
951 2320 1168 2420 physemata
1180 2321 1345 2418 efficere,

281 2457 464 2558 speciem
481 2455 590 2530 modo
603 2453 700 2530 inani
713 2455 884 2531 inflatam
900 2455 979 2532 sinc
996 2458 1248 2558 corpore;hos
1261 2484 1346 2534 esse

283 2592 512 2668 concharum
540 2593 701 2666 abortus.

320 2742 419 2827 Ipsas
433 2743 630 2827 margaritas
643 2745 761 2806 inanes
781 2740 962 2826 φυσήματα
982 2760 1060 2804 esse
1083 2753 1346 2808 consentaneum

235 2870 298 2940 est,
325 2862 405 2949 quid
423 2883 506 2928 vero
523 2861 603 2928 illud
617 2863 716 2927 inane
735 2863 779 2926 sit
793 2882 859 2946 quo
873 2859 1030 2952 inflentur
1043 2858 1207 2937 conchae,
1220 2861 1348 2944 nescio,

1365 1947 1426 2047 rpe

233 2981 299 3045 nisi
318 2981 428 3063 ipsam
444 2981 643 3065 margaritae
659 2979 817 3062 speciem.
845 2974 1108 3060 ltaquevulgata
1128 2974 1228 3041 lectio
1249 2998 1348 3062 quam
1459 3015 1463 3022 ·

237 3099 332 3162 dedit
345 3097 507 3180 Silligius,
521 3096 620 3163 valde
632 3095 837 3179 displiceret,
851 3093 981 3158 etiamsi
997 3093 1148 3158 omnibus
1165 3092 1257 3159 libris
1265 3094 1349 3160 Mss.

237 3217 485 3283 defenderetur.
528 3216 627 3281 Nunc
648 3235 730 3280 vero
747 3214 908 3299 perpauci
931 3223 1056 3278 tantum
1077 3214 1213 3279 codices
1235 3214 1349 3298 vulga-

236 3347 352 3418 gatam
375 3344 525 3412 tuentur,
556 3333 589 3396 in
609 3331 721 3399 Rara
751 3332 858 3397 idest
884 3331 918 3395 in
939 3332 1071 3416 optimis
1095 3334 1279 3420 quibusque
1301 3333 1349 3400 le·

237 3452 327 3536 gitur
347 3448 496 3540 inflatus,
521 3452 554 3516 in
575 3450 631 3517 ΘΤ
646 3450 760 3536 speeie.
806 3448 904 3512 Unde
920 3449 1058 3535 egregia
1075 3450 1218 3520 efficitur
1231 3452 1349 3519 lectio:

491 3567 619 3654 speeie
639 3564 734 3630 modo
754 3566 850 3630 inani
868 3562 1012 3654 inflatus
1035 3603 1094 3648 -,

240 3684 396 3752 conchae
426 3684 512 3751 enim
541 3705 610 3749 non
635 3703 752 3748 verum
780 3683 937 3748 unionem
964 3685 1026 3750 sed
1054 3688 1203 3770 speciem
1224 3695 1349 3752 tantum

241 3805 313 3870 eius
334 3804 470 3869 inanem
489 3801 689 3888 concipiunt.
766 3803 771 3810 ’

322 3959 361 4022 lo
381 3960 536 4044 proximo
558 3976 662 4022 sensu
684 3975 759 4019 cum
773 3950 940 4018 Salmasio
957 3973 988 4036 p.
1004 3951 1095 4017 1133.
1118 3972 1137 4017 e
1154 3960 1271 4019 vetere
1294 3977 1347 4021 co-

242 4077 318 4142 dice
333 4077 550 4142 scribendum
562 4095 641 4142 esse
657 4074 803 4140 arbitror
820 4072 950 4156 mirum,
971 4074 1059 4157 quod
1073 4072 1172 4138 etiarn
1186 4073 1248 4138 sub
1264 4095 1350 4144 voce

240 4195 324 4258 miro
346 4211 447 4280 quam
462 4193 494 4257 R
508 4203 542 4257 et
556 4193 577 4257 d
592 4191 762 4271 exhibent,
783 4188 890 4254 latere
904 4190 1047 4271 videtur,
1071 4213 1210 4277 quorum
1232 4198 1351 4264 arche·

241 4319 343 4398 typus
369 4296 460 4377 mirb'
473 4310 632 4377 habuisse
652 4309 819 4396 putandus
840 4319 903 4374 est.
