3567 5559
430 689 474 764 18
885 708 975 770 aroer
994 711 1086 772 xm.

429 917 578 964 mamus.
643 905 741 976 Simili
785 907 876 982 morto
924 909 956 971 in
1005 911 1096 985 niqra
1138 914 1232 973 alicui
1271 921 1314 975 est
1349 929 1431 974 senen
1475 917 1522 976 m‘-

429 1036 517 1095 pnmt
538 1016 595 1082 rel.

513 1132 663 1198 ceterum
675 1153 779 1220 paene
795 1136 913 1202 oblitus
928 1157 1015 1202 eram
1032 1159 1163 1205 monere
1185 1143 1217 1206 in
1240 1145 1328 1210 initio
1347 1144 1427 1207 huius
1452 1163 1525 1208 scc-

429 1251 525 1316 tionis
541 1255 619 1316 haec
640 1273 685 1316 so.
714 1273 835 1337 genera
856 1254 941 1340 quod
973 1263 1080 1320 exstat
1100 1258 1133 1322 in
1155 1260 1370 1345 transilita,
1395 1260 1430 1323 ab
1456 1261 1526 1323 edi-

364 1421 373 1448 „
429 1366 551 1433 toribus
572 1375 694 1433 temere
716 1376 859 1455 spretum
881 1390 964 1436 esse.

346 1539 410 1610 279
854 1526 1116 1615 152=34‚62.

479 1666 545 1745 Est
562 1677 599 1746 et
624 1671 660 1746 in
680 1671 801 1747 fructu
828 1672 1033 1750 dillerentia
1058 1675 1164 1752 albae
1191 1677 1389 1778 nigraeque
1413 1677 1531 1754 hede-

478 1826 559 1894 rae,
587 1806 759 1903 quoniam
786 1803 866 1881 aliis
893 1815 992 1882 tanta
1018 1809 1221 1884 amaritudo
1249 1811 1342 1886 acini
1369 1818 1404 1887 nt
1435 1833 1532 1886 aves

478 1939 551 2014 non
577 1939 767 2037 attingant.

510 2089 594 2152 Male
615 2091 710 2152 Ianus
740 2077 813 2151 cum'
840 2087 1004 2151 codicibus
1029 2063 1218 2173 particnlam
1240 2102 1269 2154 et
1289 2092 1402 2156 omisit.
1443 2091 1527 2155 Nam

367 2231 372 2238 ·
429 2204 515 2290 apud
541 2179 796 2289 Theophrastum
824 2207 881 2269 III.
911 2205 961 2269 18.
988 2205 1028 2270 10
1049 2205 1166 2291 legitur
1187 2205 1254 2290 ἔχει
1279 2206 1531 2295 &inolitacuti

427 2320 599 2405 διαφορὰν
619 2324 704 2386 κατὰ
734 2323 793 2387 τὸν
814 2323 946 2410 καρπὸν
979 2319 1018 2388 ori
1040 2301 1169 2412 propria.
1211 2325 1400 2418 Necessario
1423 2333 1529 2391 autem
1610 2385 1611 2396 ,

428 2443 495 2501 otiis
516 2437 602 2522 quod
629 2436 693 2501 non
721 2437 820 2502 habet
836 2429 903 2524 'quo
932 2438 1089 2503 referatur
1116 2443 1339 2528 corrigendum
1366 2451 1423 2510 est.
1466 2443 1530 2508 Ne·
1602 2491 1608 2524 ‹

416 2574 489 2640 ‘qne
517 2561 575 2619 illis
604 2555 690 2641 quod
712 2554 928 2620 Schneiderns
957 2556 997 2620 ad
1023 2558 1044 2622 l.
1067 2558 1086 2624 l.
1108 2561 1274 2644 proposuit
1303 2562 1430 2646 probari
1451 2581 1529 2648 pro·
1603 2580 1609 2655 ξ

426 2674 524 2766 xlmis
542 2664 758 2772 Theophrr'tsti
778 2673 885 2738 verbis
908 2673 1158 2740 demonstratur:
1190 2674 1207 2743 ὁ
1229 2679 1375 2767 μὲνγὰρ
1396 2676 1526 2763 siviria-
1601 2662 1609 2713 l

426 2793 482 2869 κύς
509 2788 600 2858 ἔστιν
627 2789 645 2859 ὁ
674 2792 711 2857 δὲ
743 2791 875 2877 σφόδρα
910 2793 1026 2876 πικρὸς
1055 2799 1111 2858 καὶ
1152 2801 1211 2860 τοῦ
1239 2798 1358 2864 λευκοῦ
1386 2804 1441 2864 καὶ
1467 2801 1526 2863 τοῦ
1605 2799 1606 2806 '

424 2914 576 2996 μέλανος.
618 2914 704 2975 Vera
724 2910 818 2973 lectio
841 2914 890 2972 est
912 2915 1020 2987 aliquis
1044 2909 1152 2974 dativo
1175 2932 1261 2978 casu.
1326 2955 1328 2960 ·

219 3087 225 3092 ·
340 3092 403 3158 280
852 3067 1103 3152 moesone

472 3213 629 3294 Calamis
655 3212 807 3303 orientis
832 3211 961 3311 populi
988 3209 1086 3287 bella
1121 3213 1335 3305 conficiunt,
1376 3211 1537 3313 calamis,
1605 3281 1606 3284 a

470 3345 614 3445 spicula
639 3346 781 3421 addunt
805 3343 1037 3421 irrevocabili
1062 3344 1170 3423 hamo
1199 3347 1320 3424 noxia
1374 3345 1523 3424 Mortem
1610 3437 1611 3444 Ν

471 3476 681 3554 accelerant
706 3479 818 3577 pinna
843 3476 969 3551 addita
995 3476 1160 3568 calamis,
1186 3478 1300 3578 litque
1326 3486 1425 3556 etex
1442 3481 1521 3580 ipso

340 3581 353 3592 ’
468 3610 582 3686 telum
608 3610 709 3686 aliud
733 3609 849 3714 fracto
874 3606 913 3682 in
939 3606 1165 3686 vulneribus.
1280 3599 1283 3604 ’

502 3762 727 3844 Perturbatam
760 3781 831 3824 esse
859 3759 1037 3824 orationem
1069 3779 1106 3823 eo
1134 3758 1254 3844 liquido
1278 3749 1521 3840 demonstratur,
1610 3801 1611 3864 t

420 3879 506 3965 quod
533 3899 597 3943 vox
627 3883 691 3958 ipso
728 3895 833 3961 neque
856 3877 898 3941 ad
918 3877 1049 3962 pinnam
1083 3897 1187 3962 neque
1210 3877 1251 3940 ad
1273 3877 1431 3961 calamos,
1467 3873 1520 3942 sed
1607 3887 1609 3931 ι

420 3996 460 4059 ad
483 3997 613 4060 hamum
625 3996 774 4079 pertinet,
797 4015 891 4080 aquo
903 4016 1012 4060 sensu
1034 3995 1137 4059 alieno
1157 4001 1338 4079 separatur:
1360 3995 1445 4059 viam
1462 4011 1520 4080 qua

419 4110 460 4174 ad
481 4092 676 4174 medendum
698 4113 924 4197 aggrediamur
947 4113 1101 4177 vocabulo
1129 4111 1282 4195 ,calamis‘
1310 4118 1359 4204 ter
1387 4113 1518 4197 repetito

417 4227 552 4290 indicari
574 4226 726 4307 arbitror,
748 4225 833 4310 quod
855 4228 1001 4291 librarius
1025 4229 1099 4292 dum
1122 4249 1261 4293 errorem
1284 4230 1413 4314 corrigit
1440 4247 1518 4293 noro

418 4364 524 4409 errore
546 4350 579 4406 et
600 4362 657 4405 suo
680 4349 713 4405 et
745 4343 849 4407 alieno
871 4341 942 4407 loco
965 4345 1139 4408 inseruisse
1161 4346 1322 4429 putandus
1346 4351 1404 4409 est.
1450 4343 1517 4420 Quo

382 4548 387 4554 N
416 4463 465 4528 bis
488 4467 611 4525 tantum
639 4460 755 4544 scripto
777 4481 935 4546 versuque
964 4459 1091 4525 XXVII
1111 4460 1304 4544 lit-terarum,
1342 4463 1395 4549 qui
1417 4463 1516 4549 legiti-

415 4602 486 4644 mus
516 4579 583 4643 fere
610 4577 776 4664 archetypi
796 4577 917 4643 codicis
940 4595 1090 4641 numerus
1112 4576 1189 4659 fuit,
1228 4581 1423 4665 transposito
1445 4598 1517 4645 vera

414 4688 512 4763 lectio
530 4699 602 4762 talis
625 4697 773 4782 emergit:
