3567 5559
599 789 604 794 -
678 745 769 806 Liber
779 744 907 806 XXIII.
1197 835 1204 847 .
1284 739 1345 808 iffi

255 937 478 1025 ἐπιταράσσει
498 941 629 1010 κοιλίαν
650 946 706 1006 καὶ
727 924 956 1024 ἕμιινευματοῒ
975 936 1161 1023 στόμαχον,
1182 937 1345 1003 Dioscori-

214 1054 274 1120 des
298 1058 350 1120 sit
375 1055 421 1120 V.
446 1057 469 1141 3ι
488 1057 508 1120 i.
522 1077 567 1122 e:
597 1077 660 1121 rec.
680 1047 868 1122 stomachum
887 1063 1012 1136 spiritus
1027 1061 1180 1135 inflatione
1200 1053 1228 1118 et
1248 1062 1345 1119 utrum

214 1179 360 1238 turcana
391 1178 551 1253 (spiritum
562 1174 646 1238 male
668 1175 761 1270 codd.
782 1174 921 1253 habent)
945 1175 973 1257 ὅ.
981 1174 1020 1241 21
1042 1193 1107 1237 non
1130 1179 1346 1252 umpeteteuceu
1460 1177 1466 1189 ⁸

214 1288 275 1352 sed
299 1287 457 1370 ampelos
482 1297 584 1354 leucen
606 1290 809 1356 scribendum
832 1297 890 1372 est,
919 1288 1006 1374 quod
1027 1289 1097 1353 cod.
1120 1310 1141 1354 a
1161 1312 1192 1357 u.
1214 1295 1346 1372 tencteri,
1412 1332 1414 1337 ·
1540 1344 1544 1356 ι

212 1405 455 1492 incorruptum
479 1407 499 1470 d
521 1408 655 1491 praebet
677 1414 709 1472 et
730 1405 870 1490 quod-'in
891 1405 997 1471 indice
1010 1407 1114 1470 'huius
1139 1407 1212 1471 libri
1233 1407 1347 1473 ablati·

214 1523 264 1584 vis
279 1544 301 1586 a
315 1523 351 1587 R
368 1525 511 1590 divisim
521 1525 647 1609 scriptis
663 1531 695 1588 et
716 1523 786 1586 loco
806 1521 980 1588 *Diose.1V.
1006 1524 1068 1590 188
1086 1524 1247 1609 probatur.
1269 1525 1347 1608 §.26

216 1653 285 1702 uret
333 1646 349 1715 t
353 1654 462 1706 ureret
503 1654 539 1714 a)
586 1662 650 1706 nan
693 1647 773 1704 vitiet
814 1661 886 1704 cum
926 1639 955 1703 V
998 1641 1170 1724 legendum
1211 1642 1346 1709 videtur.

217 1736 268 1838 ἐξ.
292 1759 436 1826 37-42
464 1761 496 1823 in
523 1757 772 1824 chrestcmathic
800 1781 830 1842 p.
853 1752 916 1825 234
937 1743 1013 1842 sqq]
1032 1760 1254 1840 tractavimus,
1292 1760 1347 1852 phi
1377 1787 1383 1796 ·

220 1874 248 1954 ξ.
272 1876 318 1941 38
339 1897 442 1956 posse
463 1897 540 1940 casu
563 1878 716 1939 omissum
737 1881 796 1939 est.
925 1904 933 1965 j

322 2075 327 2082 .
416 2087 421 2094 ⁴
674 1998 721 2070 44
748 2019 781 2050 ·-·
811 1997 904 2083 133.
955 2075 964 2093 .
1366 2006 1429 2083 496

275 2123 435 2200 Utiliter
462 2133 498 2201 et
524 2125 672 2202 fovetur
710 2125 795 2202 vinc
822 2123 955 2224 celidc¹
981 2122 1132 2200 virilitas
1157 2125 1346 2218 iumentis;

273 2257 449 2335 infusum
474 2263 595 2333 autem
624 2281 739 2334 cornu
764 2259 809 2333 iis
836 2256 1091 2334 lassitudinem
1119 2259 1248 2338 aufert.

280 2389 552 2477 ‘Interpolatum
580 2390 684 2454 locum
707 2387 772 2454 sill.
804 2388 910 2470 dedit,
943 2411 1081 2474 namque
1109 2391 1238 2456 codices
1267 2383 1347 2455 haec

227 2501 394 2570 habeam*
412 2511 513 2583 iususu
537 2529 634 2572 curma
664 2512 793 2587 (coruus
817 2507 865 2592 Θ)
896 2511 1098 2571 lassitudinem
1118 2515 1260 2585 auserunt
1284 2509 1348 2585 (sic
1420 2547 1425 2555 ,

232 2623 270 2702 Θ,
292 2637 349 2688 aut
370 2631 443 2705 peri
464 2624 494 2688 V
516 2627 632 2722 auferri
650 2623 701 2704 d,·‚
723 2645 803 2720 quos
826 2626 1006 2730 cccaratius
1031 2631 1160 2690 secutus
1182 2628 1279 2689 Ianus
1301 2633 1347 2690 iu·

227 2740 296 2810 suso
320 2763 425 2806 romu
444 2747 646 2806 lassitudinem
669 2746 786 2818 auferri
809 2740 951 2826 scripsit,
977 2742 1023 2804 ita
1045 2742 1165 2806 scilieet
1187 2750 1223 2807 ut
1244 2742 1371 2806 infiui·‘

234 2855 317 2922 tirus
342 2881 364 2924 a
389 2860 536 2944 proximo
559 2858 656 2922 verba
678 2871 787 2937 cepam
806 2866 947 2945 regetur.
991 2848 1089 2944 Atqui
1111 2859 1250 2945 ‚adipem
1273 2861 1347 2924 vino

234 2972 372 3040 mixtam
389 2977 423 3040 in
435 2975 545 3041 fauces
557 2976 909 3066 inlusam‘elassitudini
922 2976 1063 3040 remedio
1086 2997 1158 3060 csse
1171 2975 1349 3042 Columella

238 3087 290 3153 VI.
303 3093 347 3158 30
370 3093 491 3158 diserte
514 3093 654 3158 tradidit.
677 3094 936 3178 Interpuuctione
959 3101 1097 3176 mutata,
1119 3115 1194 3159 uam
1215 3095 1348 3159 virilitas

210 3203 403 3276 'hominum
427 3218 486 3293 est,
508 3232 572 3274 non
595 3211 825 3292 iumentorrun‚
848 3211 967 3274 scribe:

277 3347 306 3388 u.
327 3350 353 3392 e.
375 3334 444 3406 fic.
459 3335 631 3414 cruditur,
654 3335 788 3393 laurentis
809 3332 910 3404 infuse
933 3336 989 3403 (sc.
1013 3334 1094 3404 uina)
1116 3343 1210 3393 cornu
1231 3336 1349 3394 lassitu-
1453 3396 1458 3403 ,

278 3449 378 3510 dinem
399 3452 551 3524 cirferunt.
585 3480 587 3484 ¹
1206 3453 1208 3457 ’

677 3587 724 3658 tr
817 3586 910 3671 124.
1368 3598 1430 3664 497

288 3712 353 3790 Ad
380 3715 503 3792 omnia
540 3715 635 3791 haec
660 3712 783 3812 utilius
807 3713 858 3822 id
886 3714 1001 3822 quod·
1025 3720 1159 3814 sponte
1196 3720 1347 3788 naturae

287 3867 377 3923 suae
402 3848 552 3948 piceum
578 3847 705 3946 resipit
737 3848 971 3949 picatumque
1002 3843 1228 3953 appellaturj
1267 3841 1349 3919 hel-

193 3963 198 3971 ’
287 4001 456 4060 vernaco
483 3988 604 4056 tamen
632 3979 744 4056 nimia
771 3987 881 4080 csput
908 3979 1077 4078 temptari
1104 3977 1289 4055 convenit.
1401 3981 1412 3988 '
1439 4070 1443 4081 ι

322 4115 425 4179 Ocdd.
455 4117 485 4181 Θ
508 4113 585 4178 VT
610 4119 727 4192 piceum
756 4110 831 4174 det
852 4111 1014 4175 Barbarus
1041 4117 1142 4191 picem
1171 4149 1208 4156 α·
1239 4116 1348 4174 uerum

247 4241 372 4304 typario
394 4217 529 4296 columem
552 4229 582 4293 V
603 4235 707 4292 Icelum
730 4247 863 4308 apparea
886 4249 945 4308 quo
968 4240 1064 4292 tumen
1083 4228 1121 4310 d,
1148 4228 1234 4291 unde
1261 4234 1348 4291 recte

247 4337 336 4412 lanus
358 4355 389 4414 ia
409 4369 497 4428 upra,
519 4367 579 4428 qua
602 4345 838 4426 eumeneticam,
860 4346 893 4408 iu
916 4366 1011 4430 quam
1036 4345 1294 4410 emendationem
1316 4350 1349 4407 et

248 4436 309 4540 ipse
350 4465 426 4530 clim
468 4462 652 4528 incideram.
695 4462 800 4526 Minus
831 4460 909 4524 felix
938 4470 987 4527 est
1030 4463 1132 4526 alters
1153 4483 1182 4526 ι.
1213 4461 1243 4523 d.
1272 4481 1348 4523 corr-
1466 4518 1468 4527 .

248 4573 377 4665 iectura,
420 4603 485 4668 qua
527 4585 681 4644 Heluetico
722 4579 786 4662 legi
825 4579 934 4644 voluit.
975 4580 1137 4647 Helvetici
1166 4579 1255 4641 enim
1285 4575 1348 4638 vini

249 4696 325 4762 nulla
355 4698 422 4762 fers
458 4699 558 4764 virtus
584 4695 750 4776 laudetur,
797 4704 831 4760 st
865 4699 997 4762 summis
1025 4695 1175 4763 laudibus
1206 4714 1247 4758 ea
1274 4693 1349 4759 vina
1458 4764 1462 4770 ,
