3567 5559
404 709 467 776 216
825 707 916 772 liber
935 711 1091 772 XXXIV.

452 915 642 1031 grrnrenlp,
668 907 819 1008 planitie
847 913 970 984 crusta
998 908 1121 984 verius
1147 931 1258 1006 quam
1287 931 1427 1008 pumex,
1449 908 1497 984 in·

454 1052 513 1118 tus
541 1041 641 1118 varia
666 1039 732 1117 rel.
816 1095 819 1101 ,

488 1174 692 1244 Adiectivum
711 1173 865 1253 ,friabilis‘
889 1193 952 1236 non
977 1173 1017 1236 ad
1040 1173 1178 1237 colorem
1204 1172 1262 1237 sed
1284 1174 1325 1237 ad
1348 1174 1500 1238 cadmean

399 1293 556 1377 ,botryitin
578 1292 733 1376 pertinet,
761 1292 869 1376 itaque
897 1290 959 1355 elio
988 1291 1083 1355 modo
1112 1291 1405 1377 interpungendum
1441 1311 1501 1354 esse

406 1416 547 1496 apparet.
591 1408 678 1473 Infra
698 1431 729 1474 v.
748 1415 874 1487 planitie
896 1429 936 1470 an
959 1428 1128 1493 operarum
1150 1409 1228 1472 vitio
1249 1411 1345 1473 Inuus
1370 1410 1502 1472 omisisse

406 1528 552 1592 videatur
573 1526 775 1606 nescio,‘suo
795 1526 864 1589 leco
883 1525 948 1610 legi
970 1545 1063 1610 nego.
1086 1527 1261 1612 πλακώδης
1276 1528 1361 1590 enim
1385 1526 1505 1591 cadmea

406 1655 493 1711 recte
516 1653 624 1710 crusta
645 1643 769 1722 dicitur,
792 1643 1054 1727 planitieautem
1077 1651 1183 1708 crusta
1206 1666 1271 1708 nou
1285 1643 1430 1709 efficitur.
1452 1644 1504 1707 Ne·

408 1787 470 1849 que
493 1772 602 1826 tamen
623 1759 794 1826 delendum
818 1765 867 1823 est
887 1761 1078 1825 vocabulum
1096 1762 1200 1825 verbis
1217 1762 1418 1826 Dioscoridis
1432 1761 1505 1826 vm

408 1881 523 1969 ὥσπερ
544 1881 650 1958 ζώνας
672 1877 798 1962 ἔχουσα
809 1879 868 1952 τὰς
883 1877 1063 1961 διαφύσεις
1078 1882 1282 1961 conveniens,
1297 1880 1410 1945 sedeo
1432 1878 1507 1943 uude

408 2003 440 2066 in
463 1999 636 2084 archetypo
651 2005 725 2081 post
741 2016 867 2059 versum
879 1994 992 2060 XXVI
1004 1997 1180 2060 litterarum
1196 1997 1402 2062 aberraverat
1414 2005 1507 2061 traua·

408 2118 601 2204 ponendum.
645 2117 757 2199 Itaque
779 2113 952 2197 legendum
975 2121 1038 2176 est:
1145 2141 1151 2162 ι

450 2241 542 2299 ierim·
568 2238 772 2297 secuturis-
798 2236 857 2293 duo
885 2237 948 2292 eius·
976 2252 999 2294 c.
1031 2237 1061 2295 d.
1088 2252 1115 2295 c.
1142 2254 1174 2309 p.
1205 2237 1306 2294 melior
1334 2272 1388 2316 —,
1407 2237 1507 2310 fricti·

451 2359 487 2416 lis
507 2387 595 2398 --
618 2363 721 2413 crusta
742 2356 841 2411 verine
864 2371 892 2426 q.
912 2371 941 2428 p.
967 2357 1044 2411 intus
1063 2355 1188 2426 planitie
1210 2356 1305 2414 varia.

840 2523 962 2597 108=
982 2523 1099 2607 1135.

461 2650 586 2750 Alque
614 2651 708 2727 haec
735 2625 856 2728 urnula
882 2652 1017 2728 medici
1045 2697 1068 2704 —
1102 2653 1295 2752 ignerant3
1324 2661 1428 2752 paret
1452 2675 1509 2728 ne·

462 2786 635 2876 mimirum
662 2784 697 2858 in
724 2793 863 2859 tautum
890 2809 912 2859 a
939 2785 1179 2860 conficiendis
1207 2785 1250 2860 iis
1266 2771 1510 2863 medicamini·

461 2923 531 2997 bus
557 2918 700 3004 absunt,
729 2918 830 3015 qued
858 2940 943 2993 esse
971 2918 1156 3018 preprium
1189 2919 1393 2995 medicinae
1421 2916 1511 2996 sele·

370 3129 374 3135 ,
462 3055 531 3129 bat.
583 3049 688 3126 Nunc
716 3050 887 3147 quotiens
927 3050 1090 3127 incidere
1116 3051 1152 3125 in
1179 3049 1326 3129 libellos
1367 3075 1511 3152 compe-

462 3206 548 3260 nere
576 3207 622 3258 ex
666 3180 723 3257 his
760 3181 931 3258 valentes
966 3181 1087 3280 aliqua
1125 3184 1199 3260 hoc
1236 3192 1292 3260 est
1329 3184 1511 3283 impendio

460 3317 675 3391 miserorum
704 3315 860 3414 experiri
889 3316 1183 3406 commentaria„
1204 3317 1359 3392 credunt
1388 3315 1512 3418 Sepla-

459 3449 536 3523 siae
576 3447 696 3524 omnia
734 3449 992 3546 cemumpenti.
1045 3448 1117 3525 lam
1145 3450 1294 3547 quidem
1320 3449 1418 3525 lacta
1444 3473 1512 3526 em-

463 3580 599 3681 plastra
625 3585 662 3654 et
689 3578 844 3678 collyria
870 3590 1093 3670 mercantur,
1135 3582 1314 3681 tabesque
1342 3583 1511 3658 mercium

461 3724 523 3792 aut
548 3715 647 3790 fraus
675 3712 867 3811 Seplasiae
895 3712 950 3788 sic
976 3715 1161 3789 exteritur.

452 3868 503 3928 Ita
524 3865 590 3929 Siil.
613 3864 838 3929 contaminatis
861 3861 1010 3926 librorum
1035 3863 1227 3927 deteriorum
1250 3871 1281 3926 et
1300 3863 1327 3926 B
1351 3865 1510 3948 scriptura,

410 3982 508 4043 Ianus
532 3989 638 4044 autem
660 3982 783 4046 exiliis
804 3982 965 4066 vulgatam
987 3980 1156 4044 lectionem
1182 4002 1259 4058 prus
1282 3987 1378 4044 maior
1402 3994 1430 4043 et
1451 4001 1510 4044 ser·

410 4097 512 4189 navit,
541 4096 643 4167 ultimi
676 4099 765 4162 verbi
792 4100 862 4162 loeo
885 4120 903 4161 e
926 4099 953 4161 B
974 4099 1100 4182 scripsit
1121 4105 1201 4162 sicce
1230 4101 1363 4162 taxetur.
1409 4097 1509 4163 Nose

410 4210 658 4296 Bambergeneis
681 4216 839 4278 erroribus
869 4215 943 4301 quid
966 4215 1088 4279 Plinius
1112 4217 1273 4300 scripserit
1302 4215 1396 4279 facile
1420 4236 1508 4301 expe·

412 4330 471 4393 diri
494 4328 694 4408 arbitramur,
716 4343 812 4415 atque
835 4332 919 4415 quod
942 4333 994 4396 ille
1016 4331 1146 4398 exhibet
1165 4347 1256 4412 perer
1277 4334 1307 4396 in
1325 4345 1437 4412 paren!
1450 4353 1508 4420 rnu-

411 4455 513 4512 tatnm
542 4448 583 4511 ad
611 4447 752 4510 medicos
786 4447 921 4511 refertur
949 4451 1003 4535 qui
1033 4451 1213 4514 nominibus
1241 4450 1435 4529 inserviunt,
1465 4472 1508 4514 ree

411 4565 586 4647 negligunt.
628 4563 710 4626 Tum
730 4570 975 4626 medicaminibus
996 4572 1049 4642 iic,
1079 4565 1138 4628 hoc
1169 4567 1252 4631 enim
1281 4567 1392 4631 ordine
1420 4567 1508 4632 verba

411 4680 442 4739 in
465 4679 491 4739 Β
512 4679 673 4758 leguntur,
696 4678 866 4759 recipietur
886 4684 1022 4758 oportet.
1067 4667 1195 4747 Deinde
1216 4705 1281 4747 non
1304 4693 1507 4748 camnrereinrin
