3567 5559
427 501 491 573 13
875 503 977 572 me
998 501 1089 572 m.

425 700 496 762 tu
517 685 582 756 sed
598 687 767 756 dimidium
788 687 862 756 lere
883 688 951 756 diei
971 689 1154 776 significari
1175 698 1270 756 recte
1283 687 1455 756 Millorns
1476 687 1552 755 ani-

371 875 378 884 ,
426 809 616 888 madvertit,
634 829 703 896 quo
715 808 769 875 sol
780 819 859 895 post
871 809 1042 876 meridiem
1058 810 1102 875 od
1118 828 1279 875 occasum
1291 818 1425 894 vergat,
1446 827 1554 894 quum

429 929 558 996 Plinius
579 938 707 996 certam
729 929 873 1016 aliquam
895 932 978 996 solis
1001 931 1200 1016 positionem
1221 929 1378 996 limitibus
1403 929 1555 995 delinitis

428 1049 598 1116 indicasse
619 1047 786 1132 putandus
807 1047 863 1114 sit.
905 1049 1110 1114 Necessario
1132 1048 1231 1135 igitur
1252 1049 1358 1114 verba
1379 1049 1456 1128 „ad
1478 1067 1556 1114 ear·

430 1187 545 1236 cerem
565 1163 723 1232 inclinato
743 1165 885 1231 siderc“
912 1165 1144 1251 coniungenda
1171 1176 1259 1231 sunt
1308 1164 1427 1230 Minus
1449 1165 1554 1230 etiarn

429 1281 624 1350 verisimilis
648 1291 703 1346 est
730 1279 863 1346 Milleri
890 1281 1075 1365 sententia,
1105 1283 1148 1348 de
1174 1302 1241 1369 qua
1271 1282 1554 1367 ipsednbitarit.

430 1401 551 1489 Neque
568 1401 655 1466 enim
677 1398 733 1465 vel
749 1401 881 1466 aestivo
902 1399 1045 1466 solstitio
1065 1399 1119 1466 sol
1132 1421 1220 1485 ponc
1234 1399 1438 1486 Capitolium
1461 1403 1556 1468 occi·

431 1521 551 1586 densa
562 1518 639 1584 loro
656 1516 808 1612 conspici
823 1517 927 1602 potuit
944 1538 1054 1603 neque
1069 1517 1111 1584 de
1128 1519 1267 1585 aestivis
1285 1530 1415 1586 tantum
1433 1523 1554 1588 diebus
1611 1559 1612 1590 r

431 1637 565 1703 locutus
580 1646 633 1702 est
650 1633 788 1710 Plinius,
807 1635 870 1699 sed
891 1635 934 1698 de
955 1634 1086 1700 serenis
1108 1637 1262 1704 omnibns
1284 1657 1347 1722 per
1362 1649 1472 1706 totum
1493 1661 1554 1706 an-

430 1779 520 1828 num.
562 1756 674 1844 Atque
695 1755 855 1821 Osannus
877 1765 913 1820 et
936 1755 1110 1822 Beckerus
1128 1777 1292 1822 summam
1314 1769 1500 1843 quactum
1521 1758 1553 1822 in

432 1886 506 1944 tota
520 1875 715 1944 narratione
728 1886 835 1942 restat
853 1873 1083 1942 difficultatem
1104 1875 1238 1942 solvere
1251 1898 1316 1941 non
1331 1881 1448 1944 conati
1460 1891 1552 1958 sunt,

433 1994 676 2064 Mommsenius
705 1997 740 2062 in
761 1994 871 2061 libello
896 2015 995 2081 quem
1018 1996 1060 2061 de
1082 1997 1216 2062 comitio
1235 1995 1390 2061 Romam
1413 1998 1553 2083 scripsit

434 2114 573 2200 (Annei.
592 2115 692 2182 instit.
714 2115 890 2188 arebaeol.
903 2115 969 2187 vol.
982 2115 1098 2202 XVI),
1117 2137 1162 2181 ne
1183 2120 1461 2186 commemoravit
1484 2121 1552 2207 qui-

434 2230 520 2296 dem.
546 2231 621 2316 Ego
633 2231 788 2297 autemid
802 2232 935 2317 quidem
955 2245 1052 2300 recte
1073 2233 1245 2319 perspexi,
1267 2207 1471 2322 supremam*
1485 2250 1551 2303 tum

432 2346 681 2432 pronuntiatam
703 2343 829 2426 luisse,
850 2369 951 2434 quum
974 2345 1014 2414 ei
1028 2350 1083 2434 qui
1104 2351 1136 2415 in
1161 2351 1323 2435 gradibus
1347 2355 1465 2420 curiae
1484 2367 1552 2422 sta·

432 2475 496 2550 ret,
518 2463 571 2531 sol
594 2464 681 2530 inter
701 2463 888 2532 columnam
911 2467 1079 2538 Maeniam
1104 2481 1139 2536 et
1159 2471 1316 2556 angulum
1340 2470 1501 2558 Capitolii
1521 2474 1552 2540 in

434 2584 646 2652 occidentem
672 2582 766 2668 vergi
791 2583 981 2663 videretur,
1011 2594 1046 2650 et
1067 2583 1254 2654 columnam
1283 2587 1317 2653 in
1347 2587 1459 2656 altera
1489 2591 1553 2658 lori
1611 2653 1612 2688 ¹

434 2714 533 2792 parte
555 2722 644 2791 quae
665 2722 688 2768 a
710 2721 851 2767 earcere
877 2701 1077 2768 Mamertino
1104 2715 1234 2772 remote
1262 2727 1284 2772 a
1305 2709 1481 2776 veteribus
1504 2721 1552 2775 ta·
1611 2693 1612 2702 ἵ

434 2823 550 2890 bernis
571 2819 822 2908 appellabatur,
854 2820 952 2886 sitam
974 2819 1082 2886 fuisse
1107 2822 1288 2890 arbitratus
1307 2846 1396 2896 sum.
1442 2829 1552 2904 Quam
1611 2859 1612 2868 ¹

435 2943 637 3020 sententiam
650 2943 728 3009 dnm
742 2962 817 3006 cum
830 2939 925 3007 Plinii
945 2941 1057 3007 verbis
1079 2940 1258 3008 conciliare
1270 2945 1406 3024 studeo,
1427 2945 1461 3012 in
1476 2967 1551 3013 eum

436 3083 588 3129 errorem
611 3081 665 3126 me
686 3059 798 3125 delabi
820 3078 946 3143 passus
963 3080 1057 3144 sum,
1087 3068 1123 3124 ut
1152 3057 1194 3124 do
1217 3057 1283 3125 alio
1298 3064 1449 3148 quodam
1473 3087 1552 3132 car·

435 3198 516 3244 cere
537 3178 614 3244 aedi
635 3176 677 3242 Ι).
699 3175 830 3240 Nicolai
850 3176 960 3241 vicino
981 3177 1178 3260 cogitarem.
1220 3177 1343 3246 Merito
1366 3195 1552 3268 propterea

434 3295 611 3362 Beckerus
636 3314 679 3358 eo
707 3291 819 3371 libello
846 3312 914 3377 quo
939 3291 1017 3357 mihi
1043 3293 1238 3379 respondit:
1266 3295 1335 3362 Zur
1355 3300 1551 3368 rdmisoben

435 3409 673 3499 'lopograplrie
688 3409 784 3496 pii.
807 3423 860 3474 me
870 3409 1072 3494 vituperavit
1084 3409 1259 3500 locumque
1275 3414 1369 3482 Plinii
1390 3418 1455 3484 sibi
1476 3440 1552 3486 cor·

435 3542 569 3619 ruptum
590 3527 702 3595 videri·
722 3527 961 3613 pronuntiavit.¹
979 3529 1099 3596 Recte.
1127 3531 1265 3601 Scilicet
1285 3557 1385 3622 quum
1408 3561 1448 3608 re
1468 3561 1552 3608 vera

435 3654 523 3719 inter
544 3647 731 3716 columnam
751 3654 785 3710 et
805 3641 1004 3730 Capitolium
1025 3647 1066 3712 iis
1085 3648 1141 3734 qui
1162 3651 1197 3716 in
1221 3651 1297 3722 foro
1321 3656 1551 3743 constiterant,

436 3769 490 3843 sol
512 3767 669 3838 occidere
689 3766 879 3846 uideretur,
902 3767 1010 3853 ipsum
1033 3767 1232 3856 Capitolium
1253 3793 1275 3838 a
1298 3775 1402 3844 Plinio
1424 3780 1550 3868 signifi.

436 3895 509 3963 cari
528 3900 792 3963 consentaneum
812 3899 874 3955 est
904 3891 1017 3980 Atque
1038 3892 1079 3958 id·
1096 3891 1223 3978 perlevi
1245 3914 1344 3981 quern
1359 3897 1460 3964 ruodo
1474 3919 1551 3983 pro·

436 4014 536 4099 posui
563 4010 745 4079 mutatione
767 4008 924 4077 efficitur.
977 4013 1091 4100 Saepe
1111 4013 1199 4080 enirn
1218 4017 1418 4100 praesertim
1437 4017 1473 4084 in
1493 4039 1552 4086 vo·

437 4127 636 4198 cabalorum
667 4128 764 4194 initiis
798 4126 930 4194 litterae
963 4145 985 4196 c
1018 4143 1053 4196 et
1084 4141 1107 4198 a
1135 4143 1256 4219 utpote
1288 4133 1474 4202 simillimae
1507 4137 1552 4201 ita

436 4253 680 4331 permutantur,
700 4254 738 4309 ut
759 4244 852 4328 prior
874 4251 932 4307 aut
953 4243 1121 4310 omittatur
1142 4259 1201 4313 aut
1220 4247 1308 4315 falso
1324 4249 1481 4318 addatur.
1504 4251 1552 4319 lta

436 4361 607 4434 vililati.
628 4381 691 4446 pro
711 4382 809 4426 amm
826 4359 927 4428 codd.
948 4360 1000 4426 'ld
1024 4360 1181 4443 odom,
1210 4364 1264 4431 alii
1291 4387 1406 4432 comm
1425 4368 1553 4457 legunt,

438 4487 483 4557 ib.
498 4480 573 4551 2⁰9.
595 4499 658 4570 pro
680 4476 778 4542 arido
805 4477 840 4544 in
867 4476 1022 4546 omuibus
1051 4477 1215 4568 exemplis
1242 4495 1321 4551 ante
1347 4483 1552 4554 llarduinnrn
