3567 5559
438 727 482 800 28
889 731 980 796 secer
1000 732 1091 796 ΧΠ.

522 927 574 994 De
594 926 766 1013 geuedbus
787 925 974 992 snimslium
997 924 1127 992 erbores
1155 926 1347 992 missionum
1360 923 1514 1008 loquitur,

439 1045 597 1133 equibus
624 1050 794 1132 postquem
822 1042 983 1108 teredines
1024 1043 1240 1128 (mundissimo
1271 1065 1319 1130 pro
1345 1041 1548 1119 pavissmo'

439 1164 545 1249 cupite
567 1170 656 1228 recte
677 1161 904 1247 Delecempius
918 1181 953 1234 ,e
975 1160 1137 1246 Theophr.
1159 1161 1199 1226 V.
1221 1164 1251 1228 4.
1271 1164 1290 1228 4
1312 1159 1460 1236 restituit)
1485 1159 1521 1224 ti·

438 1301 532 1362 neos,
564 1277 685 1364 thripss
717 1279 993 1361 commemoravit,
1022 1285 1171 1364 quartum
1195 1279 1346 1344 describit:
1377 1287 1429 1338 ese
1457 1288 1525 1339 ets

438 1396 507 1463 cod,
530 1396 551 1460 d
571 1394 670 1462 hebet
687 1417 745 1478 per
763 1395 1022 1482 dittographicm‚
1045 1419 1064 1459 a
1082 1407 1112 1458 et
1133 1419 1162 1479 o,
1186 1397 1269 1462 unde
1289 1396 1409 1460 efficitur
1434 1407 1482 1456 est
1503 1415 1527 1474 e,

437 1513 554 1578 deiude
575 1512 708 1578 verbum
728 1521 888 1595 portentur
908 1513 949 1578 sd
970 1513 1107 1601 priorem
1139 1535 1250 1580 vocem
1272 1521 1320 1578 olii
1338 1535 1372 1577 er
1388 1512 1529 1576 alterius

437 1630 601 1712 vicinitetc
621 1631 850 1698 retrahendum
873 1639 932 1697 est.

837 1791 906 1865 221
935 1811 976 1841 =
1003 1791 1059 1876 41,
1084 1790 1144 1864 80.

486 1918 693 1997 Alexandri
729 1919 854 2020 magni
893 1919 1048 1996 comites
1089 1919 1327 2018 prodiderunt
1360 1915 1390 1994 in
1438 1917 1535 2018 Tylo

406 2097 410 2104 ·
484 2054 583 2132 rubri
609 2053 719 2130 maris
744 2052 866 2130 insula
891 2053 1044 2128 arbores
1066 2074 1162 2143 esse,
1191 2077 1237 2130 er
1265 2054 1384 2154 quibus
1409 2076 1537 2130 naves

485 2189 615 2265 tierent
649 2210 741 2285 quas
776 2185 832 2264 CC
867 2185 974 2261 cuuis
1014 2186 1190 2262 durantes
1228 2187 1387 2263 inventas
1427 2195 1472 2263 et
1511 2185 1540 2260 si

484 2325 739 2416 mergerentur
777 2318 1028 2416 incorruptam
1075 2317 1112 2392 in
1164 2321 1294 2396 eadem
1341 2341 1415 2394 esse
1463 2318 1538 2394 fru-

485 2449 595 2524 ticem
620 2447 685 2525 rel.

477 2581 718 2667 Theophrastus
732 2586 768 2646 V.
790 2582 820 2646 4.
843 2582 882 2650 7:
906 2578 943 2647 ἕν
966 2581 1061 2670 Τύλῳ
1085 2630 1093 2648 .
1117 2630 1124 2646 .
1148 2629 1156 2646 .
1178 2581 1268 2648 εἶναί
1283 2590 1317 2648 τί
1334 2603 1411 2668 φασι
1432 2583 1538 2660 ξύλον

436 2698 474 2780 ἐξ
495 2700 534 2768 οὗ
557 2701 723 2767 τὰ’πλοῖα
745 2703 1004 2783 ναυπηγοῦνται·
1027 2704 1126 2766 τοῦτο
1148 2700 1186 2765 δὲ
1210 2697 1246 2767 ἐν
1268 2703 1329 2784 μὲν
1345 2705 1380 2791 τῇ
1406 2699 1536 2766 θαλάτ-

435 2847 474 2910 τῃ
490 2819 609 2902 σχεδὸν
621 2818 775 2903 ἄσῃπτον
788 2815 891 2882 εἶναι·
915 2816 1066 2920 διαμένει
1079 2818 1143 2906 γὰρ
1156 2815 1210 2904 ἔτη
1224 2821 1326 2886 πλείω
1349 2816 1367 2902 ἢ
1380 2817 1537 2883 διακόσια

435 2939 752 3022 καταβυθιζόμενον.
795 2937 941 3019 Apparet
968 2955 1032 2997 non
1062 2955 1161 2999 neves
1190 2935 1247 2999 sed
1277 2935 1406 3000 arbores
1434 2935 1536 2999 inoor·
1602 2918 1606 2939 '

435 3064 546 3142 rnptss
570 3075 652 3135 esse,
686 3055 795 3138 itaque
818 3053 864 3116 sic
885 3051 1131 3137 interpungctur
1152 3059 1294 3134 oportet:
1326 3059 1448 3117 arbores
1476 3070 1539 3116 esse
1602 3037 1612 3111 l

436 3194 477 3238 ex
498 3177 607 3251 quibus
622 3178 838 3250 nucesfierent,
861 3190 938 3247 quas
958 3168 1014 3232 rel.
1039 3169 1088 3232 De
1103 3169 1206 3254 ellipsi
1227 3170 1315 3264 verbi
1332 3169 1370 3236 cf.
1387 3170 1537 3236 (iresber-

436 3310 492 3377 ger
514 3289 555 3354 de
576 3307 637 3352 usu
659 3286 806 3350 Plinicno
828 3307 859 3371 p.
882 3285 931 3352 12.
944 3283 1089 3370 4-§.222
1112 3284 1347 3352 subiunctivum
1364 3301 1537 3370 rumpantur

436 3407 469 3472 S.
481 3407 506 3470 1.
529 3404 780 3490 superstitiosius
803 3424 899 3489 quam
920 3402 1101 3488 religiosius
1123 3424 1141 3467 e
1162 3404 1325 3471 codicibus
1343 3413 1539 3493 receperunt.

435 3503 567 3588 Falsum
599 3542 671 3586 esse
704 3527 737 3584 et
769 3521 923 3606 proximis
955 3521 1135 3586 indicativis
1159 3528 1191 3585 et
1225 3522 1439 3611 Theophrasti
1469 3527 1538 3590 loco

321 3702 327 3707 .
434 3637 475 3705 V.
497 3641 526 3709 6.
549 3642 568 3706 1
590 3638 830 3724 comprobatur,
865 3638 955 3701 cuius
982 3638 1082 3724 verba
1111 3635 1322 3720 ἀπωθοῦσι,
1355 3640 1541 3729 ῥήγνυνται,

437 3760 599 3845 maceres
619 3739 774 3823 Plinienis
795 3761 978 3840 recoleretur,
1000 3769 1191 3837 rumpuntur,
1223 3769 1307 3824 curie
1329 3767 1469 3840 deliciunt
1489 3785 1539 3828 sc·
1609 3753 1610 3758 ἵ

332 3914 338 3926 =
437 3885 547 3943 curate
568 3876 773 3962 respondent.
818 3873 970 3939 Ceterum
993 3893 1131 3938 errorem
1154 3876 1319 3964 archetypi
1342 3883 1491 3966 repetivit
1512 3903 1539 3962 a,

435 3994 659 4079 interpolando
680 3997 887 4058 correxerunt
908 3990 972 4055 Τᾶ
996 3991 1096 4076 quine
1122 4025 1158 4036 -
1180 4000 1357 4076 rumpantur
1379 3997 1540 4065 exhibent.

353 4181 414 4250 295
832 4151 905 4222 226
930 4168 971 4200 =
999 4150 1057 4236 rs,
1084 4150 1143 4224 ee.

319 4297 326 4309 ⁴
486 4277 620 4376 Magne
657 4286 780 4354 autern
817 4282 853 4352 et
891 4249 1025 4374 glutini
1062 4275 1154 4354 ratio
1256 4281 1479 4371 Stamiueem
1504 4296 1538 4374 in

485 4409 559 4486 hoo
595 4433 665 4486 usu
690 4409 850 4509 probant
888 4429 1023 4483 venam
1050 4416 1086 4486 et
1112 4419 1248 4494 vocetrt
1281 4421 1459 4503 leruleem
1485 4453 1539 4506 ar-

351 4590 354 4606 .
392 4609 403 4625 ,
486 4548 663 4644 gumento
683 4539 941 4637 similitudinis,
969 4547 1143 4645 quoniam
1161 4546 1340 4631 lacunosa
1357 4543 1537 4663 eterispi.

487 4669 527 4754 lh
560 4678 659 4755 omui
694 4697 834 4780 genere
868 4674 1050 4778 glutinum
1076 4681 1249 4762 abdicant
1285 4695 1467 4788 quaedem
1503 4709 1537 4778 et
