3567 5559
442 589 490 659 ’38
910 588 1011 655 Liber
1029 589 1109 656 111.

447 777 536 844 uiam
561 796 631 843 vox
659 796 697 840 eo
722 795 791 843 uon
816 774 921 844 habet
936 776 1012 863 squo
1025 774 1217 847 referatur.
1261 778 1293 863 §.
1308 774 1362 845 50.
1388 795 1463 840 curn
1483 774 1554 840 AR

353 960 356 965 .
447 895 626 983 legendum
648 905 710 991 est
724 893 847 960 Ceciuu
866 898 940 963 sive
964 894 1109 961 Caecina
1132 894 1241 961 forma
1259 894 1403 963 nominis
1423 916 1442 960 e
1465 894 1554 961 (lice-

447 1018 542 1083 rouis
563 1016 717 1080 oratione
740 1015 916 1082 notissima
938 1025 1038 1101 atque
1061 1011 1278 1080 Etruscorum
1301 1016 1385 1078 mori
1410 1016 1466 1099 qui
1487 1016 1555 1080 sim·

448 1133 591 1222 plicibus
620 1130 738 1197 litteris
775 1132 1046 1217 delectabantur,
1072 1118 1351 1198 accommodata.
1379 1124 1380 1129 ¹
1405 1131 1557 1197 Similiter

447 1252 476 1345 ξ.
486 1252 537 1317 53.
557 1272 676 1317 veram
698 1252 898 1339 scripturam
924 1250 1022 1313 Teuta
1037 1250 1160 1314 'codd
1182 1246 1338 1334 exbibet',‘
1360 1248 1558 1337 reliquorum

448 1371 651 1456 scriptorum
667 1372 864 1435 auctoritate
880 1366 1122 1447 confirmatam,
1142 1366 1220 1433 item
1235 1368 1393 1433 tredecim
1402 1389 1465 1455 pro
1475 1368 1559 1454 XVl,

448 1473 514 1574 ouo
536 1484 713 1553 intervallo
731 1484 907 1554 Veientem
925 1508 1043 1575 agrum
1066 1488 1109 1552 ab
1128 1485 1223 1551 Urbe
1245 1490 1398 1572 separari
1419 1483 1563 1556 constat

343 1598 346 1603 ’
447 1606 543 1687 Ml.
567 1605 718 1691 Silligius
740 1629 758 1673 e
782 1610 856 1674 cod.
877 1608 931 1673 R²
952 1595 1083 1691 recepit
1109 1607 1145 1669 in
1169 1604 1271 1669 laevo
1297 1627 1332 1669 se
1349 1604 1488 1696 flectens
1513 1631 1561 1673 ou·

449 1724 597 1803 cumino,
632 1746 732 1809 quum
759 1737 870 1793 tamen
898 1724 1069 1819 nemo-de
1097 1724 1215 1790 dextro
1243 1722 1360 1811 ltaliae
1388 1729 1561 1793 cacumine

447 1864 595 1930 unquam
621 1843 828 1929 cogitaverit.
887 1843 1030 1909 Lineola
1059 1843 1171 1908 addita
1206 1844 1421 1911 scribendum
1450 1846 1563 1912 estin

450 1955 612 2042 benum,
643 1964 731 2029 sicut
758 1962 850 2051 §.52
871 1962 994 2029 Forum
1017 1958 1135 2027 Clodii.
1182 1964 1210 2049 §.
1225 1962 1277 2028 54.
1300 1962 1564 2047 interpunctione

449 2080 580 2162 deleta,
608 2082 697 2169 quod
720 2082 786 2148 iam
808 2082 999 2149 llarduinus
1020 2062 1165 2168 viderat,
1193 2058 1325 2149 Tiberis
1347 2080 1513 2150 et'iluviis
1535 2092 1567 2149 et

449 2203 548 2284 aquis
568 2199 782 2283 fontibusque
807 2211 927 2265 aucurs
951 2202 1122 2265 dicitur.··
1168 2232 1169 2237 ι

905 2331 956 2405 58
971 2334 1047 2405 :5
1070 2333 1146 2404 9.’
1221 2342 1224 2349 ’

387 2354 431 2420 53
501 2457 744 2569 Quidquid
720 2488 810 2563 ergo
839 2474 1024 2539 terrarum
1049 2390 1244 2538 ²estt
1137 2473 1244 2563 praet
1245 2489 1288 2539 er
1309 2462 1440 2541 decern
1463 2468 1570 2548 milia

498 2626 676 2703 passuum
697 2624 846 2701 prope
868 2598 1041 2679 ambitus
1070 2600 1255 2711 adnexum
1273 2600 1421 2703 insulae
1446 2614 1514 2681 rel.

445 2758 545 2825 prope
565 2736 717 2800 omittunt
738 2733 830 2814 AR,
857 2712 952 2799 recte
982 2732 1073 2827 baud
1096 2736 1206 2803 dubie.
1251 2736 1360 2811 Quum
1382 2740 1469 2805 euim
1493 2741 1568 2809 Cir·

448 2857 599 2923 ceiorum
616 2852 747 2920 insulae
768 2874 959 2919 mensuram
979 2820 1089 2919 stadia
1102 2855 1275 2939 octoginta
1287 2858 1439 2941 posuerit
1452 2858 1566 2928 Theo·

446 2972 622 3059 phrastuS,
642 2974 804 3061 quidquid
823 2963 988 3040 terrarum
1008 2971 1139 3038 insulae
1160 2992 1327 3045 annexum
1348 2985 1413 3057 est,
1434 2987 1470 3042 ut
1489 3000 1566 3046 cum

449 3094 632 3159 continenti
661 3094 940 3181 coniungeretur‚
975 3080 1117 3178 amplius
1147 3076 1265 3159 decem
1292 3094 1380 3159 milia
1402 3116 1567 3181 passuum

448 3210 585 3289 ambitu,
608 3208 725 3272 ltaliae
745 3212 901 3276 accessit.
946 3211 1115 3285 Quocirca
1136 3213 1351 3277 scribendum
1374 3226 1441 3279 est:
1466 3239 1566 3303 prae·

448 3326 553 3390 terd.
569 3346 651 3409 ηιμ
673 3324 825 3389 ambitu
847 3326 907 3391 rel
952 3326 1051 3400 Quod
1079 3327 1230 3411 sequitur
1256 3328 1350 3394 uliud
1369 3332 1567 3433 miraculum

448 3440 746 3518 rectellarduiuus
759 3442 802 3505 ab
814 3428 1053 3541 interpolatore
1073 3444 1221 3541 additum
1235 3466 1314 3511 esse
1326 3427 1452 3538 censet.
1473 3454 1504 3535 §.
1514 3454 1567 3518 59.

448 3571 542 3628 recte
570 3533 701 3647 quidem
727 3546 899 3627 Pintianus
931 3560 1203 3627 eStrabuneV.
1224 3585 1255 3650 p
1274 3528 1344 3631 ’933
1369 3564 1469 3631 Claui
1491 3592 1567 3636 cor

448 3679 546 3770 rexit,
567 3677 645 3743 mihi
669 3679 836 3743 tamenin
860 3680 958 3745 codd.
980 3678 1150 3765 scriptura
1170 3679 1310 3746 Glanieo
1328 3662 1423 3750 vocis
1445 3690 1567 3776 deper

450 3795 738 3900 ditaenvestigium
759 3798 873 3865 inesse
895 3784 1042 3879 videtur,
1064 3799 1165 3864 itaut
1185 3800 1314 3887 Plinius
1337 3802 1438 3873 Cluui
1458 3829 1566 3903 quon-

450 3917 528 4018 dam
549 3917 734 4028 scripsisse
755 3920 925 4005 putandus
946 3920 1000 3985 sit

391 4058 434 4121 54
904 4037 1005 4113 68:
1016 4040 1053 4135 5
1067 4038 1105 4113 9
1259 4116 1262 4121 ,

418 4273 420 4280 ¹
501 4141 678 4263 Saturnia
698 4172 762 4247 ubi
782 4197 880 4256 nunc
898 4174 1019 4262 Roma
1039 4185 1109 4271 est,
1114 4120 1316 4276 Antipolis
1341 4177 1441 4279 quod
1466 4204 1566 4259 nuuc

500 4305 707 4383 Ianiculum
735 4305 805 4409 [iu
825 4319 962 4408 parto
986 4308 1188 4411 Romae}

533 4440 588 4507 Eu
612 4440 735 4506 ultimis
760 4441 874 4511 verbis
909 4442 1077 4528 Antipolis
1110 4463 1245 4529 quoque
1273 4445 1452 4517 Saturniae
1483 4472 1566 4538 pars

452 4569 565 4639 osset,
596 4558 686 4645 quod
708 4578 808 4645 quum
829 4560 903 4629 fiori
927 4572 1088 4648 nequeat,
1116 4572 1271 4649 praestat
1290 4582 1334 4630 cn
1354 4590 1417 4653 pro
1439 4568 1566 4639 librarii
