3567 5559
720 583 819 652 ster
835 586 871 656 1.
890 586 947 653 11.
1366 586 1388 653 7

265 782 426 857 tenpore
445 780 614 855 nectam
632 778 732 851 eree,
750 774 931 843 idelarius
953 774 1054 843 etiam
1073 772 1296 845 additamento
1319 790 1382 841 tuo

264 890 430 957 indicavit
455 890 626 957 librarius.
677 892 715 956 ln
744 892 810 957 fine
838 912 963 959 sensus
989 891 1159 959 Heraeum
1186 892 1283 977 senui
1311 911 1381 957 ma·

262 1006 340 1087 lim,
373 1010 430 1105 qui
455 1020 607 1075 veterem
628 1009 833 1098 scripturam
854 1031 898 1076 ne
924 1009 1020 1106 quid
1044 1010 1199 1075 uestris
1226 1010 1381 1095 putetis

264 1127 420 1193 restituit

718 1337 920 1427 nunna
1263 1440 1265 1449 ,

785 1508 847 1585 35.
1392 1520 1415 1587 6

313 1658 397 1762 (Kx
417 1657 801 1761 anconitanensem
828 1661 974 1739 Severo
999 1660 1229 1759 Longuluno,
1255 1657 1377 1737 Fabio

312 1794 457 1871 Vestali
489 1795 565 1895 qui
599 1793 652 1872 de
683 1795 870 1898 pictura
902 1796 1136 1897 scripsit(
1174 1796 1378 1873 Extorniet

310 1933 488 2033 Pasitele,
509 1933 673 2032 Apelle
702 1954 767 2008 etc.
1376 1939 1379 1951 '

344 2100 577 2189 Longulannm
610 2121 630 2166 a
659 2101 781 2169 Cassio
819 2104 950 2168 Severo
983 2100 1152 2165 diversum
1183 2120 1262 2167 csse
1295 2101 1375 2171 vidit

257 2220 433 2307 Bergkiue
452 2220 540 2307 apud
557 2191 779 2287 Ritschelium
803 2219 942 2305 Parerg.
970 2218 1074 2286 Plaut.
1094 2242 1126 2305 p.
1140 2218 1194 2284 40.
1218 2220 1251 2289 A
1267 2221 1373 2288 Fabio

257 2350 373 2405 antem
387 2338 516 2407 Vestali
537 2358 687 2427 eaquae
710 2340 862 2425 proxime
883 2350 1068 2425 sequuntur
1083 2340 1251 2407 vocabula
1263 2343 1372 2408 aliena

255 2478 338 2523 esse
360 2458 571 2525 manifestum
584 2471 646 2524 est.
676 2460 760 2527 Nam
783 2479 882 2545 quum
906 2456 1005 2523 etiam
1026 2458 1058 2522 in
1081 2458 1190 2525 indice
1210 2461 1370 2529 librorum

254 2577 326 2641 Vll.
338 2576 494 2647 XXXIV.
509 2578 665 2645 xxxvl
688 2590 977 2655 commemoretur,
1000 2588 1144 2665 apparet
1163 2600 1238 2644 eum
1261 2580 1370 2675 maiue

253 2695 424 2783 quoddam
446 2717 534 2781 opus
556 2701 806 2787 composuisse,
829 2720 894 2785 quo
918 2694 960 2761 de
982 2697 1051 2762 vita
1071 2696 1149 2783 iere
1163 2697 1279 2785 populi
1298 2698 1368 2763 Ro·

251 2813 342 2891 mani
363 2824 398 2879 et
414 2816 508 2880 urbis
524 2805 744 2885 monumentis
766 2819 800 2886 in
822 2817 1014 2889 universum
1037 2816 1267 2899 disputaverit.
1302 2817 1372 2883 Ac-

256 2934 348 2998 cedit
370 2935 561 3021 scripturae
582 2935 615 3001 in
631 2938 805 3003 codicibus
827 2932 1066 3015 discrepantia,
1090 2910 1229 3017 quornm
1250 2932 1278 2997 B
1299 2945 1332 2999 et
1348 2954 1378 3027 a·

252 3051 342 3117 haec
362 3054 467 3119 verba
491 3074 578 3139 pone
598 3054 760 3120 Extemis
787 3051 969 3118 collocant.
1018 3048 1166 3114 Fuerant
1188 3050 1288 3137 igitur
1311 3070 1368 3131 an·

258 3169 393 3255 tiquitus
410 3170 442 3235 in
464 3172 613 3269 margine
636 3172 830 3257 adscripta,
859 3170 949 3234 unde
972 3179 1091 3255 postea
1112 3168 1196 3257 loco
1211 3171 1367 3260 inoppor-

255 3302 335 3355 tuno
354 3291 481 3356 inserta
504 3301 591 3358 sunt.
637 3292 725 3367 Quid
747 3289 869 3360 nutat
914 3288 1134 3357 Scribendum
1160 3299 1227 3357 est:
1315 3382 1320 3391 ι

293 3442 398 3509 Fata
413 3443 549 3510 Vestali
564 3444 743 3509 Externiae
757 3444 909 3533 Pasitele,
922 3442 1036 3531 Apelle
1056 3442 1125 3537 qui
1144 3442 1190 3507 de
1205 3440 1365 3528 pictura

291 3564 457 3651 scripsit
478 3562 540 3648 (cl.
551 3562 694 3629 XXXV.
707 3563 776 3648 79).
873 3552 884 3575 ⁰

692 3806 840 3895 idm
863 3804 914 3893 ss.

706 3960 897 4073 m=ua

299 4151 425 4255 Agere
448 4176 575 4229 curam
597 4176 723 4227 rerum
743 4151 982 4226 humanarum
999 4146 1089 4223 illud
1108 4137 1287 4247 quidquid
1301 4154 1375 4243 est*

297 4314 493 4392 summum,
510 4316 614 4370 ‚aune
641 4300 715 4365 tam
735 4287 964 4395 tristiatque
985 4283 1176 4391 multiplici
1197 4282 1359 4377 ministe-

295 4428 352 4503 rio
384 4451 459 4503 uon
485 4427 604 4529 pollui
642 4418 1230 4516 credamusdubitemusnel
1282 4415 1360 4497 Vix

298 4588 443 4667 prope
468 4575 530 4641 eat
549 4563 874 4659 iudicaremur
896 4558 1013 4657 magis
1036 4557 1219 4635 conducat
1230 4549 1359 4655 generi
