3567 5559
419 716 484 784 210
843 717 933 778 liber
946 719 1103 781 XXXIII.

338 965 401 1033 734
471 915 576 992 hlons
620 916 757 991 hactus
806 963 812 968 -
882 914 980 990 cadit
1005 959 1051 970 —
1088 916 1236 1014 fragore
1276 917 1338 1014 qui
1383 917 1517 1014 concipi

471 1050 631 1125 humana
656 1055 779 1124 mente
807 1071 880 1124 non
908 1049 1025 1147 possit
1052 1069 1147 1146 eque
1179 1047 1301 1125 elllatu
1323 1047 1520 1124 incredibili

475 1189 644 1281 spectant
670 1182 832 1257 victores
858 1181 998 1255 ruinam
1025 1187 1189 1256 naturae.

504 1315 546 1377 nt
567 1312 727 1398 fragorem
761 1319 794 1377 et
824 1312 906 1376 aeria
935 1313 1076 1376 efflatum
1109 1312 1424 1397 vehementissimum
1456 1334 1522 1378 essa
1606 1366 1607 1408 3

422 1430 568 1495 traditur.
611 1433 721 1514 ltaque
744 1451 761 1493 e
783 1429 874 1506 codd.
898 1428 972 1493 VR
998 1431 1186 1493 restituatur
1218 1411 1359 1515 oportet·
1377 1430 1461 1516 quod
1486 1452 1521 1494 ax

422 1554 513 1634 parte
534 1547 597 1610 iam
620 1546 715 1630 vulgo
738 1555 814 1611 ante
836 1546 902 1610 Sill.
925 1547 1107 1632 legebatur:
1152 1569 1211 1610 non
1232 1554 1336 1626 poscit.
1372 1570 1465 1628 aeque
1485 1553 1521 1625 es-

420 1670 497 1753 flptu
517 1669 699 1728 incredibili:
720 1675 858 1743 spectrum
878 1701 914 1710 -
941 1675 1079 1728 naturae.

339 1847 401 1918 735
679 1911 689 1932 ὁ
845 1824 892 1893 75
909 1817 1104 1894 :ibidem

470 1950 602 2026 Vitium
630 1948 780 2025 lavandi
807 1955 843 2024 et
868 1949 900 2025 si
927 1948 1046 2032 fluens
1070 1951 1187 2026 amnis
1215 1949 1330 2026 lutum
1348 1949 1519 2048 importet

506 2081 536 2144 V
557 2095 585 2146 et
605 2102 711 2168 neque
732 2081 897 2167 coniungit
919 2081 1093 2170 quidquam
1115 2103 1219 2168 neque
1241 2090 1416 2166 comparat.
1446 2078 1520 2143 Sori-
1608 2135 1609 2154 ,

424 2199 518 2264 betur
538 2207 679 2284 oportet:
730 2206 760 2263 V.
784 2206 803 2262 l.
825 2212 881 2263 eat
901 2207 930 2264 ri
950 2200 1007 2266 rel.

339 2350 402 2424 736
738 2323 953 2424 85:425.
994 2317 1062 2409 ide
1090 2323 1215 2410 auro).

472 2491 518 2504 -—
548 2472 594 2523 ex
621 2449 730 2526 melle
767 2474 856 2526 vero
885 2451 1083 2526 decoctum
1123 2473 1205 2526 cum
1234 2447 1435 2525 melanthio
1461 2445 1521 2521 illi·

474 2588 550 2656 tum
578 2581 750 2658 umbilico
778 2582 909 2659 leviter
935 2583 1046 2660 solvit
1073 2582 1207 2658 alvum.

506 2713 578 2778 Non
600 2721 702 2779 leuiter
723 2715 780 2778 sed
802 2723 944 2779 leniter
967 2717 1056 2780 alvus
1079 2717 1212 2781 solvitur
1238 2715 1296 2796 (of,
1307 2713 1447 2778 XXXII.
1460 2713 1522 2797 iil),
1610 2767 1611 2790 p

424 2839 520 2918 atque
544 2834 590 2896 aio
611 2833 708 2897 habet
728 2833 766 2896 B.

340 2993 401 3064 737
604 2979 607 2982 ·
667 2958 883 3041 9οτ-5,27.
915 2952 983 3045 (de
1012 2949 1282 3050 chrysocolla).

471 3082 625 3158 lndocta
650 3083 823 3183 opificum
849 3086 957 3161 turba
982 3087 1098 3162 trihus
1126 3107 1207 3160 eam
1225 3083 1428 3182 generibus
1456 3083 1522 3158 dis·

472 3216 625 3312 tinguit,
667 3239 835 3316 asperam
877 3239 972 3314 quae
1013 3225 1158 3294 taxatur
1197 3217 1233 3291 in
1272 3217 1384 3293 libras
1424 3216 1521 3304 Xvu,

472 3347 630 3422 mediam
658 3372 752 3447 quae
780 3349 862 3439 Xu,
907 3350 1060 3458 attritam
1102 3371 1210 3448 quam
1245 3356 1281 3425 et
1305 3348 1521 3426 herbaceam

473 3484 610 3568 rmcant
636 3480 731 3556 Xrn.
785 3480 984 3558 Sublinunt
1010 3490 1131 3559 autem
1162 3480 1383 3558 harenosum
1410 3481 1523 3582 prius-

472 3636 579 3713 quam
606 3613 784 3688 inducant
810 3622 1013 3691 atramento
1041 3624 1077 3692 et
1093 3615 1320 3715 paraetonio.

476 3747 561 3811 Num
583 3746 743 3811 harenosa
760 3753 883 3811 tautum
908 3753 1041 3810 utuntur
1063 3747 1193 3832 opifices
1216 3769 1259 3810 sc.
1284 3752 1398 3831 quarto
1422 3747 1523 3809 nescio

423 3887 484 3953 quo
508 3851 725 3950 chrysocollae
747 3884 866 3949 genere
889 3865 1129 3946 auiuenullum
1152 3865 1281 3928 omnino
1305 3863 1441 3949 pretium
1465 3871 1522 3928 tra·

422 3982 540 4046 datur?
582 3983 683 4045 immo
707 4003 772 4044 una
794 4001 811 4044 e
834 3982 935 4045 tribus
967 3983 1028 4045 illie
1054 3983 1225 4067 generibus
1247 3981 1408 4046 harenosa
1429 3980 1521 4045 fuisse

362 4167 368 4174 x
421 4099 566 4184 putanda
588 4107 646 4179 est,
671 4118 773 4183 eaque
795 4118 833 4162 eo
856 4101 927 4164 loco
950 4101 1108 4164 inseratur
1126 4107 1263 4185 oportet,
1285 4099 1339 4163 ubi
1362 4105 1519 4184 peecatum

420 4217 453 4279 in
476 4214 649 4299 archetypo
671 4214 771 4279 luisse
804 4216 864 4281 hac
886 4217 1055 4282 codicisB
1087 4218 1224 4282 lectione
1254 4239 1327 4296 nepe
1358 4239 1438 4296 pauc
1468 4239 1520 4281 no·

422 4345 549 4397 taxatur
569 4331 737 4397 indicatur.
765 4335 877 4418 Itaque
900 4337 1095 4420 transposita
1117 4335 1191 4399 illuc
1213 4325 1292 4400 voce
1315 4334 1518 4416 ,harenosam‘

420 4453 511 4538 lego:

462 4589 601 4650 aspernor
624 4572 805 4631 barenorum
828 4604 862 4612 —
889 4572 1050 4632 sublinunt
1078 4582 1175 4634 nrrtcm
1195 4577 1369 4649 priusquam
1390 4569 1447 4634 rel.

503 4687 531 4771 S.
551 4686 592 4753 93
612 4697 785 4749 santernum
813 4699 921 4748 uocant
943 4692 1039 4748 nostri
1065 4685 1233 4772 legebatur
1262 4693 1337 4751 ante
1360 4687 1516 4772 Silligium
