3567 5559
403 750 466 821 1OE
823 757 913 828 liter
935 763 1076 826 XXXII.

403 956 534 1032 natione
546 957 666 1042 pacaivi
681 958 810 1024 abiecta
828 961 863 1025 iu
883 967 1050 1026 minuant
1071 939 1166 1022 lacila
1187 957 1394 1040 corriguntur.
1409 950 1499 1028 Quod

403 1059 595 1142 vccabulum
621 1078 908 1144 inflamurationum
937 1080 1102 1166 proprium
1124 1097 1222 1164 supra
1242 1073 1347 1140 XXV.
1368 1073 1408 1140 88
1426 1091 1498 1154 ,unm

403 1199 436 1262 in
458 1199 530 1284 ipsa
550 1196 800 1262 inflammatione
824 1197 883 1263 scd
903 1197 1082 1263 imminuta‘
1104 1201 1285 1284 usurpatm.
1328 1214 1499 1279 τραυματι·

269 1405 277 1420 ι
403 1317 459 1394 κός
492 1319 529 1382 τέ
560 1310 648 1394 ἔπι,
687 1316 894 1384 Dioscorides
931 1316 1036 1400 inquit
1065 1314 1105 1380 V.
1144 1315 1220 1387 137,
1257 1318 1316 1379 arel
1347 1309 1499 1396 οἰδήματα
1545 1373 1549 1380 .

405 1437 542 1504 στέλλει.

824 1651 946 1729 blbllll
968 1651 1088 1730 mu

486 1835 728 1923 Expeditionem
748 1837 833 1902 viam
854 1833 1061 1924 ingredimur.
1094 1837 1225 1903 Librum
1248 1838 1335 1902 enim
1357 1833 1496 1900 Bambcr·

405 1979 550 2046 gennem,
571 1966 667 2044 quam
681 1958 829 2025 manibus
843 1966 950 2041 teneo,
973 1965 1021 2023 tot
1034 1959 1196 2050 tantisquc
1212 1958 1384 2023 virtutibus
1396 1957 1500 2022 ceum

405 2079 548 2144 aminare
579 2076 650 2162 quis
681 2077 799 2159 nescit,
833 2084 868 2141 ut
888 2080 1075 2164 plerumque
1105 2077 1209 2158 solus,
1243 2077 1406 2141 interdum
1437 2096 1500 2141 cum

406 2195 535 2282 optimis
557 2194 688 2259 alterius
714 2194 856 2260 familiae
877 2195 1043 2260 codicibus
1071 2195 1248 2260 orationem
1269 2192 1364 2260 Plinii
1386 2214 1500 2280 germa-

407 2334 481 2377 nam
502 2312 781 2397 incorruptamque
802 2315 967 2398 praestet?
1009 2307 1111 2388 Quam
1135 2313 1314 2377 accuratius
1338 2333 1433 2398 quam
1452 2331 1502 2375 na·

408 2431 474 2494 scio
496 2449 559 2514 quc
580 2435 676 2514 pacto
697 2431 732 2494 in
752 2431 874 2496 maiore
897 2432 1011 2518 Silligii
1033 2431 1172 2496 editione
1199 2431 1319 2496 factum
1343 2437 1393 2496 cst
1414 2431 1501 2495 colla-

405 2554 473 2612 tum
485 2545 577 2612 'sicut
597 2547 755 2632 inprimis
776 2549 865 2614 libris
886 2550 1029 2615 codicem
1052 2552 1097 2631 A,
1116 2569 1185 2619 ,unos
1205 2551 1253 2613 ita
1273 2555 1437 2613 auctorem
1457 2567 1501 2611 sc·

405 2685 559 2751 quemm,
594 2671 631 2730 ut
651 2666 784 2732 alteram
813 2674 950 2750 coctam,
984 2669 1039 2734 ubi
1069 2669 1134 2732 suin
1157 2667 1409 2752 Bambargcnsia
1429 2666 1503 2730 liber

404 2783 490 2848 vitiis
524 2782 650 2850 laborat
689 2786 812 2869 (nequa
836 2785 870 2850 id
891 2807 964 2852 raro
996 2786 1130 2867 accidit)
1158 2788 1192 2849 in
1224 2783 1377 2849 auxilium
1411 2783 1502 2849 adm·

405 2921 523 2968 camus.

869 2991 914 3064 10
940 3029 981 3062 =
1010 2991 1079 3078 1,4.

322 3027 384 3098 705
454 3109 543 3194 luha
569 3162 615 3173 —
641 3094 752 3195 'tradit
778 3163 823 3176 -
851 3125 956 3198 catos
982 3163 1028 3177 -
1054 3121 1096 3210 in,
1117 3118 1259 3198 flumen
1269 3117 1431 3195 Arabiae
1455 3117 1529 3203 in-.

454 3257 573 3326 trasse
601 3251 666 3326 rel.

488 3381 587 3446 Haud
609 3381 705 3448 dubia
733 3390 772 3449 in.
783 3391 895 3462 flumen
918 3389 1060 3450 Arabim
1076 3389 1203 3448 intrasse
1224 3381 1430 3448 scribendum
1451 3387 1508 3457 cst,

406 3502 426 3565 i.
450 3521 478 3566 e.
499 3498 597 3586 ,apud
618 3499 782 3593 Gadrosos
802 3506 857 3588 qui
877 3501 1010 3567 Arabim
1033 3522 1160 3566 amncm
1182 3501 1339 3566 accolunt‘
1365 3497 1442 3576 (IX.
1460 3498 1507 3582 7).

405 3618 519 3684 Iubam
548 3617 632 3681 enim
658 3624 787 3703 praeter
808 3619 960 3685 Arabiam
988 3619 1085 3696 ctiam
1114 3639 1186 3682 eum
1220 3638 1347 3682 cursum
1370 3616 1507 3702 descrip-

316 3773 320 3779 ·
408 3739 489 3803 sisse
511 3742 653 3820 constat,
676 3757 738 3822 quo
760 3757 801 3800 ex
823 3737 943 3802 Arabia
964 3737 1101 3801 Patalen
1122 3736 1343 3822 navigabatur,
1366 3735 1406 3799 cf.
1425 3732 1508 3800 vind.

406 3856 432 3920 l.
455 3879 485 3942 p.
504 3857 551 3924 97.
573 3853 699 3920 Nomen
721 3862 829 3919 autem
851 3855 988 3919 fluminis
1002 3855 1115 3920 vicinis
1130 3853 1293 3919 vocabulis
1316 3852 1367 3936 ,de
1381 3852 1510 3918 Arabia‘

408 3973 567 4058 corrumpi
595 3971 745 4038 facillime
773 3974 885 4057 potuit.
931 3973 959 4056 ξ.
981 3975 1019 4038 11
1044 3993 1115 4037 cum
1146 3972 1216 4036 cod.
1238 3971 1276 4035 B.
1307 3991 1366 4035 scr.
1398 3990 1511 4059 rapere,

406 4089 437 4173 S.
460 4089 499 4153 13
521 4108 586 4152 non
608 4095 740 4152 antbicm
763 4091 819 4155 sed
842 4089 956 4174 plurali
978 4111 1111 4154 numero
1140 4111 1202 4175 quo
1225 4088 1283 4153 IX.
1306 4089 1367 4155 182
1388 4088 1511 4152 Plinius

365 4250 369 4258 ι
406 4225 484 4269 usus
507 4210 709 4286 antummum
731 4209 849 4272 rectius
871 4201 935 4294 legi
957 4207 1209 4273 librorumMSS.
1224 4207 1340 4274 uitiosa
1355 4207 1511 4292 scriptum

351 4317 355 4324 ¹
409 4329 540 4409 (patiar
562 4319 590 4384 B
608 4327 754 4425 phitinrin
776 4323 860 4397 VR)
885 4325 1028 4392 efficitur.

326 4483 388 4553 70ss
820 4448 826 4521 i
868 4448 912 4520 15
926 4479 971 4509 ·-·-
985 4450 1055 4533 2,6.
1075 4491 1092 4554 ·Ι

456 4575 611 4653 Trebius
638 4574 749 4674 Niger
775 4582 904 4650 auctor
931 4585 987 4652 est
1013 4576 1162 4676 xiphian
1190 4575 1240 4683 [id
1265 4573 1509 4680 estgladiuml

459 4718 578 4788 rostro
606 4713 822 4785 mucronato
848 4732 951 4798 csse,
989 4708 1136 4787 abhoc
1175 4731 1290 4786 naves
1325 4707 1510 4808 perlnssas
1615 4775 1616 4802 ,
