3567 5559
715 553 901 625 aberra.
1302 555 1364 623 tat
1409 601 1415 613 κ

231 744 370 831 copula
392 751 427 808 et
447 764 469 809 e
489 740 697 826 reduplicata
722 742 830 830 prima
852 744 1030 830 proximae
1055 747 1148 811 vocis
1171 743 1302 830 syllaba
1323 765 1363 808 aa

232 876 318 930 orta
342 875 451 950 atque
473 861 658 928 scribatur:

652 977 801 1045 Orcheni
820 979 962 1046 accolae.

666 1149 738 1226 131
756 1148 954 1227 :ibidem
1381 1169 1442 1235 133

296 1286 492 1388 Oppidum
512 1282 801 1383 eius-Dabitbac,
821 1296 861 1363 et
873 1285 1038 1388 iungitur
1053 1286 1257 1364 Chalonitis
1278 1313 1360 1365 cum

302 1423 547 1524 ctesiphonte
569 1430 632 1498 rel.

245 1629 250 1636 ,
334 1560 386 1624 lta
405 1580 424 1624 e
439 1559 538 1624 codd.
548 1558 610 1635 Td,
632 1560 829 1646 quibuscum
849 1559 1019 1627 consentit
1038 1557 1138 1626 lectio
1161 1561 1237 1628 libri
1251 1561 1284 1626 R
1301 1560 1361 1624 da·

242 1678 294 1742 bit
312 1677 414 1756 laec,
441 1677 543 1742 edidit
569 1676 729 1764 Silligius,
755 1701 854 1766 quum
882 1690 981 1744 antea
1009 1676 1179 1764 legeretur
1205 1677 1361 1744 Dibitoelt

242 1796 407 1886 aeupitar.
460 1794 611 1862 Eandem
639 1800 757 1863 urbem
785 1799 1000 1863 Ptolemaeus
1024 1795 1063 1862 V.
1087 1795 1136 1860 18.
1152 1795 1185 1864 9.
1216 1795 1361 1882 Δόρβητα

242 1913 415 2000 appellat:
437 1929 579 2001 apparet
600 1917 698 2002 igitur
713 1916 911 1983 familiarem
922 1915 1090 1980 Semiticis
1108 1913 1228 1999 linguis
1247 1915 1361 1978 termi-

240 2036 417 2100 nationem
437 2055 470 2111 u,
490 2055 577 2119 quae
599 2034 829 2101 Hebraeorum
848 2044 877 2113 ῃ
898 2033 1101 2117 respondet,
1127 2031 1206 2096 boio
1228 2051 1361 2117 quoque

216 2153 378 2238 'oppido
398 2153 604 2218 reddendam
623 2172 714 2236 esse,
736 2162 770 2218 et
789 2128 902 2216 deleia
923 2149 1045 2236 copula
1066 2170 1153 2237 quae
1173 2150 1292 2214 eodem
1315 2150 1361 2216 vi·

246 2270 299 2336 tio
311 2269 345 2336 ci
354 2271 594 2358 accrevitquod
607 2271 760 2356 proxime
771 2270 1065 2355 deprehendimus,
1079 2269 1256 2363 legendum
1265 2289 1358 2338 esse:

654 2425 700 2440 -
716 2387 877 2469 mittan,
900 2396 940 2456 cl.

658 2556 948 2635 134=ibidem
1377 2593 1439 2658 134

298 2737 352 2754 -·
381 2717 495 2796 supra
513 2692 712 2770 Cossiaeos
735 2695 783 2772 ad
804 2695 1097 2798 septentrionem
1117 2695 1358 2772 Mesabatene

296 2834 369 2908 sub
391 2841 517 2908 munte
530 2812 743 2909 Cambalido
766 2832 830 2934 qui
859 2842 919 2908 est
933 2831 1092 2909 Caucasi
1116 2855 1255 2922 ramus,
1275 2827 1359 2902 iudo

297 2966 515 3046 mollissimo
537 2975 661 3044 tractu
687 2967 726 3045 iu
751 2969 962 3044 Bactros.

333 3119 533 3186 bactrorum
554 3119 586 3184 in
601 3118 668 3186 hoo
689 3131 801 3186 tractu
816 3119 1015 3185 mentionem
1037 3115 1110 3182 fieri
1122 3137 1190 3184 nou
1209 3117 1359 3203 potuisse

250 3235 464 3302 manifestum
485 3247 554 3323 est,
580 3240 704 3325 quippe
727 3241 783 3327 qui
810 3257 932 3326 magno
954 3237 1129 3306 intervallo
1151 3246 1359 3324 separentur.

248 3355 374 3423 Medos
396 3359 650 3424 accuratissime
673 3361 826 3439 dixisset,
848 3381 948 3449 quum
971 3359 1140 3426 Strabone
1161 3369 1248 3424 teste
1270 3357 1358 3423 XVl.

249 3498 281 3561 p.
294 3475 368 3540 744,
390 3496 409 3539 e
430 3475 543 3542 Media
566 3491 600 3542 et
623 3475 722 3562 Zagri
745 3479 866 3546 montis
887 3480 1010 3546 vicinia
1034 3478 1208 3544 facillimus
1228 3479 1262 3543 in
1282 3476 1358 3561 Ely-

248 3595 391 3660 maidem
420 3595 532 3660 aditus
560 3615 622 3679 per
642 3595 886 3664 Mesabatenen
908 3610 1033 3684 pateat.
1086 3599 1155 3665 Sed
1175 3597 1361 3662 memineri-

248 3735 322 3778 mus
352 3715 528 3780 transitum
559 3716 604 3778 ad
634 3715 812 3799 superiora
838 3717 1036 3784 Parthorum
1074 3735 1181 3800 regna
1216 3715 1360 3781 describi
1425 3738 1438 3765 ν

252 3833 311 3917 (ci.
324 3833 399 3902 lla.
415 3842 447 3898 et
465 3831 557 3918 116),
578 3833 822 3900 Mesabatenen
842 3843 954 3898 autem
976 3854 997 3898 a
1019 3832 1212 3897 Ptolemaeo
1226 3830 1360 3894 vata.

253 3953 501 4052 Paraetacencs
514 3971 601 4036 quae
611 3951 757 4019 Mediam
779 3953 946 4037 adiaceat,
968 3971 989 4016 a
1012 3950 1239 4036 septentrione
1260 3947 1361 4015 collo.

253 4070 333 4151 cari,
356 4072 463 4139 Plinio
486 4084 596 4140 autem
618 4085 756 4142 auctore
776 4071 797 4137 Ι.
810 4072 831 4139 1.
849 4073 1100 4138 Paraetaceuos
1120 4071 1207 4136 inter
1220 4069 1363 4140 Parthos

252 4199 285 4256 et
302 4190 451 4257 Menos
471 4213 675 4260 excurrere:
696 4202 797 4278 atquc
820 4194 871 4258 sic
891 4189 1111 4277 intelligemus
1128 4189 1162 4258 b.
1176 4191 1195 4256 l.
1219 4213 1280 4276 pro
1295 4193 1362 4257 Ba·

252 4317 334 4372 atros
359 4312 590 4394 reponendum
613 4332 693 4378 esse
718 4311 915 4378 simillimum
935 4311 1152 4380 vocabulum:
1183 4309 1363 4376 Portitor.

252 4425 441 4516 ilcdppuon
463 4449 541 4494 cunr
564 4430 718 4496 Pintiano
746 4429 899 4497 eStrab.
921 4433 943 4496 Ι.
959 4429 981 4497 l.
1009 4432 1043 4496 in
1067 4429 1264 4518 Hedyphon
1291 4449 1362 4492 mu·

253 4547 382 4612 undum
408 4557 470 4613 est.
