3567 5559
557 803 562 810 .
651 781 739 843 rica
770 779 924 880 rrrrr.
1010 793 1014 802 ¹
1281 761 1344 842 219

231 976 357 1045 XXIV.
390 980 420 1057 l,
449 973 618 1041 XXXVII.
641 975 691 1042 59.
743 974 815 1038 Hoc
847 940 973 1060 quoque
1002 974 1071 1038 loco
1099 972 1151 1056 ,de
1186 947 1345 1038 discordia

233 1115 342 1167 rerum
373 1093 608 1178 concordiaque
639 1113 733 1178 quam
763 1092 962 1176 antipathian
985 1091 1101 1158 Graeci
1129 1113 1284 1156 vocavere
1307 1113 1344 1155 ac

233 1210 451 1296 sympathian‘
480 1211 633 1296 cogitavit
660 1210 868 1295 scripsitque:
897 1215 974 1274 haec
995 1223 1038 1272 est
1058 1231 1232 1305 rercm‘c.
1258 1216 1292 1274 G.
1316 1231 1343 1272 c.

234 1336 260 1395 d.
287 1335 403 1392 Fer'ant
423 1333 570 1409 quidem,
592 1348 666 1392 nam
690 1327 736 1399 sic
757 1348 822 1391 non
844 1331 964 1406 quidam
989 1328 1086 1390 etiam
1104 1326 1132 1390 Β
1155 1325 1262 1392 habet.

659 1522 728 1594 157
743 1553 788 1583 =
806 1521 923 1607 loct.

280 1653 372 1728 ideo
399 1652 432 1736 ic
469 1613 622 1727 calathis
649 1650 783 1748 quibus
810 1673 938 1726 aarum
966 1649 1151 1750 colligitur
1189 1673 1270 1751 cum
1299 1673 1344 1726 eo

283 1793 488 1873 remanent,
518 1790 647 1884 postea
675 1784 827 1859 canticis
847 1764 1071 1883 'separantur
1096 1782 1161 1859 rel.

315 1917 371 1981 De
402 1917 532 1981 calculis
559 1915 679 2000 plumbi
707 1917 806 2002 nigris
837 1937 941 1981 sermo
971 1922 1038 1997 est,
1074 1914 1176 2001 iisque
1204 1915 1345 1979 nondum

238 2035 394 2099 conflatis.
438 2034 547 2108 Quare
569 2035 693 2097 Graeco
716 2055 803 2116 vasa,
826 2055 888 2119 qno
912 2033 1029 2098 ferrum
1051 2031 1141 2097 fundi
1163 2031 1345 2120 Hesychius

239 2175 261 2217 s.
283 2176 312 2217 v.
336 2153 463 2233 retulit,
497 2151 549 2216 hio
578 2152 706 2238 quidem
729 2153 817 2216 locus
845 2157 1000 2233 nonest,
1037 2171 1140 2236 neque
1162 2150 1195 2214 id
1218 2156 1347 2235 praeter
1412 2195 1421 2211 ,

238 2270 327 2334 codd.
354 2269 492 2336 Barbari
514 2291 593 2355 quos
616 2291 680 2333 non
702 2271 785 2334 inter
806 2269 945 2355 optimos
967 2269 1066 2333 fuisse
1089 2268 1276 2354 putaverim,
1296 2287 1346 2332 re·

241 2389 521 2473 certissimumque
565 2387 584 2450 h
615 2388 831 2451 Parisiensem
867 2388 900 2451 in
934 2387 1000 2452 ullo
1037 2385 1147 2450 codice
1181 2387 1345 2469 reperitur.
1376 2386 1377 2390 ’

243 2511 354 2568 erebatis
375 2505 476 2570 habet
498 2505 528 2587 d,
552 2505 752 2586 relocavit,
775 2504 927 2568 catclr‘rB
948 2506 968 2570 i.
992 2525 1018 2568 e.
1041 2510 1219 2568 scutulis.
1241 2503 1347 2568 Etiam

242 2622 278 2684 dc
301 2630 411 2686 carinis
433 2623 576 2706 cogitari
590 2623 664 2687 licet
684 2623 734 2685 cll.
755 2621 911 2686 XXXIII.
927 2621 985 2703 69,
1010 2641 1117 2686 verum
1141 2627 1173 2686 et
1195 2622 1347 2685 remotius

243 2751 288 2803 est
309 2763 330 2806 a
360 2741 538 2806 litterarum
574 2739 721 2807 ductibus
757 2761 836 2825 quos
865 2740 962 2804 etiam
994 2741 1027 2802 in
1056 2739 1170 2802 vitiosa
1198 2739 1347 2804 librorum

246 2859 399 2943 scriptura
427 2857 606 2941 religiosius
630 2857 720 2941 sequi
742 2879 799 2942 par
827 2865 891 2939 est,
921 2864 953 2920 et
974 2857 1028 2920 illc
1056 2841 1184 2941 quidem
1205 2857 1282 2940 loco
1306 2856 1348 2920 ad

248 2996 354 3038 aurum
377 2995 443 3038 ncn
465 2974 680 3058 colligendum
703 2973 761 3037 sed
783 2974 984 3059 coquendum
1007 2973 1151 3038 adhiberi
1173 2973 1316 3038 traditur.

356 3266 365 3280 ·
615 3266 617 3271 Ι
684 3163 936 3247 lbl=li,49.
1197 3207 1201 3222 ι
1369 3180 1432 3251 758

293 3289 406 3389 NIgrc
445 3289 595 3389 plumbo
623 3333 668 3367 e-
697 3291 897 3366 utimur-
926 3301 1029 3368 eruto
1058 3335 1102 3346 -
1131 3291 1168 3367 in
1207 3291 1349 3366 Britan-

293 3424 351 3499 nia
376 3436 429 3479 -“
452 3424 546 3498 adeo
575 3424 678 3522 large
713 3431 752 3498 ut
778 3422 840 3498 lex
867 3423 961 3499 ultro
990 3423 1150 3521 sileatur,
1192 3446 1238 3499 ne
1266 3422 1349 3522 plus
1384 3472 1386 3476 -

294 3564 394 3632 certo
423 3556 535 3631 modo
564 3555 637 3631 fiat.
719 3593 731 3652 j

324 3688 388 3762 cui
410 3668 511 3772 nuper
532 3687 573 3752 de
599 3689 786 3773 plumbariis
813 3689 846 3751 in
867 3689 1036 3752 Britannia
1058 3690 1195 3752 metallis
1220 3688 1349 3772 egregie

252 3802 428 3889 disputavit,
452 3805 625 3869 Hiibnerus
647 3807 679 3867 in
702 3788 906 3872 muahhen.
926 3807 1000 3872 XII.
1018 3829 1046 3890 p.
1059 3805 1120 3872 349
1133 3806 1229 3870 verba
1252 3811 1296 3884 ,ut
1309 3839 1349 3851 —

252 3919 377 3986 dicatn'r‘
405 3931 470 3986 taur
503 3922 640 4004 obscura
669 3923 729 3985 sibi
756 3923 857 3986 videri
884 3926 1135 4008 pronuntiarat
1162 3923 1248 3995 haud
1270 3923 1351 3986 sciat

256 4057 289 4099 an
309 4040 440 4104 Brunnii
463 4041 646 4105 coniectura
669 4045 714 4121 ,ut
736 4040 808 4126 lege
825 4039 1046 4104 interdicatur‘
1068 4041 1176 4105 multis
1189 4041 1350 4126 probetur.

257 4155 350 4240 litque
371 4179 435 4221 non
458 4157 596 4222 obscura
624 4165 748 4221 tantum
771 4165 820 4221 est
842 4159 915 4222 talis
943 4157 1046 4222 oratic
1070 4158 1127 4222 sed
1149 4160 1204 4223 vix
1226 4158 1350 4239 IratIna,

257 4291 330 4354 quae
356 4284 463 4358 tamen
502 4296 566 4338 non
609 4275 780 4340 audaciore
823 4276 878 4338 illa
916 4277 1093 4340 mutatione
1136 4277 1193 4340 sed
1236 4277 1351 4339 lacuna

258 4391 351 4469 potius
380 4394 510 4478 expleta
542 4392 647 4455 sanari
670 4392 822 4456 videatur.
847 4392 972 4466 ‘Quum
1003 4394 1086 4457 enirn
1114 4394 1237 4478 syllaba
1257 4413 1296 4455 oc
1317 4393 1350 4455 in

234 4538 239 4553 -·
261 4505 418 4594 archetypo
442 4509 634 4590 excidisset,
664 4509 749 4594 quod
772 4510 916 4574 restabat
939 4531 1009 4572 uere
1036 4511 1154 4572 lactum
1178 4516 1227 4573 est
1254 4516 1289 4573 ut
1317 4512 1349 4572 in

262 4627 329 4687 altro
349 4628 566 4713 corrigeretur.
612 4627 684 4712 Ego
706 4648 782 4691 vero
799 4628 846 4690 ita
866 4627 932 4710 legi
953 4647 1085 4690 censeo:

297 4745 339 4804 lex
359 4765 497 4809 cavere
518 4750 657 4825 dicotur,
687 4745 748 4808 nisi
770 4746 879 4808 malis:
923 4751 973 4808 lex
995 4750 1072 4806 ultro
1094 4763 1199 4806 cocae
1221 4749 1348 4813 dicator.
