3567 5559
441 705 501 777 196
873 715 967 778 hiber
987 717 1113 784 XXXI.

438 904 594 994 largiores
615 905 700 974 lacte
720 907 884 994 multoque
913 910 1070 996 gratiores
1092 912 1180 976 casei
1201 909 1287 977 doto‘
1308 911 1455 997 scripsit,
1485 910 1551 975 ior-

437 1029 526 1090 tasse
546 1030 645 1092 recta

354 1137 417 1216 701
852 1149 902 1226 88
920 1143 1115 1222 :ibidem
1231 1249 1237 1258 .

487 1275 660 1374 adeoque
685 1276 935 1354 necessarium
963 1277 1185 1354 elementum
1213 1284 1272 1354 est
1297 1285 1335 1355 ut
1360 1276 1557 1356 transierit

404 1483 410 1490 ,
484 1405 695 1484 intellectus
734 1406 784 1485 ad
818 1408 1030 1510 voluptates
1070 1409 1180 1486 enimi
1215 1432 1382 1510 quoque;
1418 1432 1557 1487 soom-

486 1545 584 1615 mete
609 1539 709 1616 sales
734 1541 967 1642 appellantur
990 1542 1185 1640 omnisque
1213 1542 1313 1620 vitae
1338 1541 1451 1644 lepos
1478 1601 1494 1620 ..
1516 1600 1554 1617 ..

485 1693 560 1750 uon
585 1671 658 1751 alio
685 1673 804 1774 magis
830 1674 1016 1754 vocabulo
1043 1677 1199 1754 constet.

519 1803 605 1880 Quid
626 1807 786 1872 sententia
805 1806 1003 1892 requiratur,
1035 1806 1193 1872 intellexit
1225 1807 1355 1893 quidem
1371 1807 1555 1875 Pintianus

437 1921 497 1986 sed
518 1923 647 1987 nomine
660 1899 830 2010 peregrino
843 1924 928 1990 male
944 1925 1117 2010 expressit3
1139 1925 1193 2011 qui
1208 1932 1317 1990 autem
1335 1924 1377 1989 ad
1391 1924 1553 1990 librorum

438 2041 529 2105 MSS.
541 2041 731 2126 scripturam
741 2041 872 2127 propius
885 2062 921 2106 se
943 2041 1096 2128 applicuit
1106 2040 1205 2106 Ianus
1220 2042 1366 2108 subiecto
1381 2063 1416 2107 se
1431 2061 1552 2107 carere

435 2177 532 2244 posse
553 2159 687 2244 putarit.
730 2156 793 2231 Qui
815 2176 898 2242 quae
919 2159 1092 2224 lectionis
1113 2160 1178 2228 Sill
1204 2165 1354 2247 receptae
1379 2159 1552 2225 substituit

435 2274 594 2357 ,nimirum
618 2296 638 2339 a
659 2276 727 2340 sale
748 2277 811 2360 ap.‘
833 2283 1005 2363 propterea
1028 2298 1094 2342 non
1113 2277 1248 2344 ferenda
1277 2297 1350 2342 esse
1372 2277 1550 2357 contendo,

435 2392 512 2477 quia
527 2411 591 2456 non
604 2412 717 2457 omnes
734 2391 832 2456 animi
843 2393 1024 2479 uoluptates
1046 2395 1150 2480 asalc
1168 2395 1381 2481 appellantur,
1403 2379 1467 2460 seii
1489 2393 1552 2460 ioci

435 2509 593 2594 salesque.
637 2510 685 2576 Eo
706 2511 803 2596 igitur
824 2511 958 2577 oonsilio
981 2511 1024 2576 ad
1044 2512 1222 2578 litterarum
1249 2509 1363 2578 ductus
1386 2512 1548 2577 accedeu-
1617 2575 1618 2594 p

435 2627 599 2714 dumosi,
630 2635 667 2694 ut
687 2629 828 2693 iocorum
862 2629 1054 2696 vocabulum
1075 2631 1150 2696 inde
1180 2630 1391 2716 expiscemur.
1434 2632 1548 2716 Atque

434 2747 514 2812 haec
537 2747 570 2811 in
592 2747 680 2812 libris
703 2747 794 2814 MSS.
816 2749 1001 2834 legunturn
1022 2734 1114 2814 animi
1135 2769 1252 2828 qaoque
1272 2753 1365 2814 ritmiu
1384 2754 1453 2812 sole
1479 2753 1546 2830 (so-

435 2865 563 2952 urm).
586 2864 688 2949 Quae,
711 2865 766 2932 ubi
788 2865 895 2930 animo
908 2849 1106 2951 reputaveris
1118 2866 1377 2931 terminationem
1396 2864 1547 2946 qaenilril

436 3003 508 3048 esse
521 2983 582 3047 uisi
600 3003 643 3066 oe,
666 3004 761 3070 quam
785 2983 962 3068 scripturae
983 2985 1252 3069 permutationem
1273 3004 1315 3048 ne
1339 2983 1380 3049 ab
1403 2985 1547 3071 impera·
1616 2959 1617 3037 i

435 3112 540 3167 torum
554 3101 682 3189 quidem
694 3108 800 3168 aetate
811 3121 942 3187 prorsus
950 3101 1086 3166 alienam
1103 3123 1174 3168 esse
1184 3102 1236 3167 rel
1245 3102 1410 3168 notissimo
1420 3101 1545 3188 templo

296 3266 301 3276 „
434 3219 598 3284 Fortunae
617 3219 777 3306 huiusque
803 3218 866 3284 diei
887 3219 1142 3303 demonstratur,
1173 3220 1337 3291 uocabulis
1372 3225 1465 3284 recte
1502 3219 1545 3283 di·

435 3337 559 3400 stiuotis
580 3339 757 3424 paucisque
780 3337 927 3403 litterulis
950 3340 1092 3423 mutatis,
1114 3339 1160 3403 ita
1184 3336 1348 3402 emendari
1370 3346 1526 3424 apparet:

355 3503 361 3508 .
476 3459 585 3535 animi,
607 3461 688 3520 ioci
709 3463 804 3519 enim
827 3476 847 3518 c
867 3463 949 3520 sole
969 3461 1164 3538 appellantur.

519 3572 547 3656 ξ.
570 3571 612 3640 94
634 3579 829 3638 lautissimum
860 3574 964 3638 scribo
987 3595 1059 3639 cum
1080 3575 1111 3639 R
1126 3576 1176 3657 V,
1210 3594 1273 3638 nou
1296 3577 1544 3654 caucasorum,

435 3692 463 3776 ξ.
486 3691 527 3760 98
549 3711 621 3756 cum
643 3688 710 3755 Rd
741 3691 874 3757 verbum
904 3703 948 3755 est
977 3712 1062 3777 pone
1083 3714 1112 3758 r.
1139 3698 1227 3770 iones
1249 3691 1389 3774 colloco,
1429 3691 1459 3776 §-
1486 3690 1543 3760 102

434 3811 572 3895 priorem
595 3810 867 3897 praepositionem
889 3817 921 3875 in
945 3809 1161 3895 dittographia
1182 3816 1285 3874 ortam
1307 3829 1379 3874 esse
1399 3813 1494 3895 puto.
1614 3845 1615 3854 κ

350 3973 413 4045 702
869 3933 940 4006 104
953 3959 997 3992 =
1010 3934 1106 4020 alo.

484 4061 759 4140 crocodilorum
797 4062 980 4141 morsibus
1030 4059 1165 4155 (salem
1203 4060 1432 4160 imposuere)
1497 4084 1539 4138 ex
1613 4133 1614 4143 l

482 4197 588 4268 aceto
616 4192 653 4267 in
678 4189 841 4271 linteolis
878 4197 993 4272 itaut
1029 4195 1267 4271 hascerentur
1305 4198 1391 4270 ante
1418 4193 1540 4272 vineta

482 4321 618 4400 ulcera.

495 4463 620 4523 vinculis
635 4455 744 4538 Ianus,
765 4461 815 4522 ln‘c
830 4457 890 4522 vd
913 4459 1014 4524 incR¹
1027 4465 1138 4524 ictuum
1148 4458 1193 4524 R²
1215 4478 1233 4522 e
1253 4459 1275 4524 i.
1291 4479 1319 4523 e.
1342 4469 1411 4523 crte
1431 4464 1537 4526 otac-

434 4590 562 4643 tarom.
579 4574 697 4643 Ulcera
707 4581 879 4659 antequam
893 4576 1005 4641 vinciri
1017 4578 1348 4663 coepissent‚.veueuo
1361 4576 1536 4644 liberaban-

432 4704 494 4778 tur‚
503 4693 589 4782 quod
598 4691 1537 4781 betuendoutfieretmedicipraeceperant,tumiurinotura
