3567 5559
701 697 794 760 rua
812 697 922 759 rrrr.
1320 692 1361 762 eu
1465 655 1469 662 ⁴

722 930 904 1017 44:7,40
1383 940 1446 1010 308

292 1073 477 1174 (marga)
520 1073 662 1175 Fruges
700 1075 763 1153 alit
788 1076 954 1166 tofacea,
997 1073 1174 1173 albaque,
1214 1073 1246 1148 si
1270 1072 1364 1149 inter

287 1207 423 1286 sontes
466 1216 629 1307 reperta,
669 1216 727 1286 est
752 1204 800 1285 ad
836 1207 1015 1285 infinitum
1048 1203 1196 1298 fertilis,
1236 1228 1364 1281 verum

287 1362 437 1441 aspera
463 1345 630 1432 tractatu,
657 1341 689 1418 si
709 1341 820 1419 nimia
839 1340 974 1416 iniectu
994 1343 1061 1426 est,
1089 1339 1209 1417 exurit
1231 1337 1364 1416 solum.

321 1487 452 1553 'Palem
471 1489 540 1554 Sitl.
562 1509 580 1554 e
599 1489 747 1556 codicum
767 1489 912 1575 vestigiis
932 1489 1039 1554 locum
1061 1487 1259 1570 emendavit,
1280 1487 1365 1552 male

239 1613 354 1671 tamen
379 1605 553 1689 distinxit,
575 1606 663 1671 haud
685 1608 781 1673 dubie
803 1607 850 1672 sic
870 1605 1177 1693 interpungendum:

281 1730 337 1790 Fr,
351 1747 383 1791 a.
397 1729 524 1802 tofacea
536 1731 677 1805 alteque,
700 1729 835 1802 etints.
857 1734 1051 1804 reperierat,
1075 1728 1118 1788 cd
1136 1729 1281 1804 infinitum
1298 1727 1366 1802 ser-

280 1849 345 1908 titis
367 1864 481 1908 uerum
499 1863 611 1923 nepem
633 1854 784 1918 tractatu5
804 1848 833 1908 ri
854 1847 946 1906 uinta
967 1841 1023 1906 rel.

327 1961 361 2045 §-
386 1961 435 2029 46
476 1958 615 2026 fortasse
636 1962 754 2028 rectius
775 1968 1016 2042 plueromuryam
1036 1937 1194 2042 scribitur,
1213 1979 1236 2032 a
1255 1957 1365 2044 glaesc

245 2078 373 2144 sufficet
398 2077 610 2166 appellatum.

715 2235 908 2320 48:83.
1334 2279 1339 2283 ·
1387 2251 1449 2323 309

261 2461 269 2470 ,
294 2376 435 2457 Omnis
460 2387 583 2458 autem
608 2403 736 2481 marga
761 2385 863 2457 arato
893 2379 1078 2457 inicienda
1105 2386 1163 2456 est
1186 2386 1225 2455 ut
1249 2377 1367 2462 medi·

297 2519 518 2589 camentum
543 2512 713 2613 rapiatur,
743 2519 780 2589 et
802 2512 877 2589 fimi
899 2512 1087 2612 desiderat
1101 2512 1367 2612 aliquantulum

226 2731 229 2736 ,
299 2666 400 2743 quae
436 2645 553 2749 prime
580 2644 665 2745 plus
698 2669 832 2747 aspera
856 2652 901 2723 et.
931 2646 1089 2747 quaein
1129 2644 1265 2722 herbas
1292 2665 1396 2734 nun,

301 2778 517 2855 effunditur.

336 2908 392 2975 Sic
419 2906 486 2974 Sill.
509 2930 581 2976 cnm
607 2910 679 2977 edd.
702 2916 766 2976 vet.
788 2911 856 2974 Ian.
879 2931 1017 2992 utraeque
1035 2917 1151 2991 primo,
1185 2908 1241 2976 rel.
1282 2905 1367 2982 Quid

258 3029 373 3101 ,primc‘
405 3022 582 3112 significet,
617 3034 729 3092 neuter
757 3027 926 3113 explicuit:
961 3049 1079 3094 annum
1108 3047 1181 3092 esse
1213 3024 1367 3112 proximis

259 3141 362 3206 verbis
386 3164 443 3228 ,ne
464 3144 511 3208 sic
532 3145 662 3230 quidem
683 3145 786 3231 primo
808 3169 892 3214 enno
914 3147 1039 3214 fertilis‘
1061 3144 1228 3210 indicetur.
1265 3139 1368 3208 Oodd.

261 3237 461 3327 adhabent
481 3269 657 3341 quantulum
678 3285 777 3343 quue;
800 3266 919 3331 scribe:

236 3452 242 3456 ¹
299 3383 519 3457 aliquantulum
540 3401 624 3444 unco
646 3402 783 3463 quaeque
800 3390 916 3465 primo,
935 3389 1005 3464 plur
1025 3382 1082 3446 rel.

725 3552 771 3625 49
785 3555 913 3641 =9,5.
1547 3581 1549 3596 '

308 3692 583 3796 Transpadanis
618 3683 771 3774 cineris
792 3722 882 3775 usus
907 3700 1002 3778 adeo
1043 3653 1166 3800 placet
1192 3702 1230 3772 ut
1265 3701 1370 3771 ente·
1388 3598 1451 3668 310

309 3835 452 3924 ponant
477 3828 561 3906 fimo
588 3829 850 3922 iumentorum,
869 3851 872 3860 ·
890 3831 991 3932 qued
1019 3829 1104 3929 quie
1139 3825 1368 3904 levissimum

312 3967 386 4050 est,
413 3961 463 4037 cb
486 3961 525 4036 id
552 3969 728 4055 exurunt3
753 3962 820 4040 rel;

344 4090 413 4158 Ian.
441 4102 577 4156 exurunt
603 4094 737 4179 scripsit
759 4093 869 4180 (codd.
892 4093 945 4158 ed
972 4093 1121 4179 exurunt)
1145 4092 1214 4157 coll.
1244 4092 1278 4176 ἓ.
1295 4091 1368 4160 127.
1396 4077 1399 4082 ¹

272 4201 372 4274 stibi
404 4210 530 4275 radices
561 4217 751 4293 exarentur,
784 4217 894 4275 nostro
922 4210 992 4276 loco
1014 4211 1122 4274 nescio
1145 4209 1221 4295 quid
1243 4210 1369 4275 exarari

225 4365 234 4378 ·
273 4326 383 4409 pessit,
409 4327 484 4392 iimo
513 4335 620 4393 eutem
648 4334 762 4393 exusto
786 4329 926 4392 cinerem
949 4326 1086 4413 relinqui
1116 4329 1191 4394 scic.
1236 4327 1315 4394 uod.
1338 4347 1370 4409 e,

276 4453 358 4519 quem
379 4464 458 4529 prae
478 4445 608 4532 reliquis
629 4447 662 4510 in
680 4446 742 4511 hcc
763 4444 892 4530 quidem
914 4444 993 4509 libro
1016 4447 1106 4531 sequi
1127 4463 1187 4531 per
1208 4451 1267 4527 est,
1289 4463 1368 4509 voce

276 4561 338 4629 tric
356 4562 477 4626 omissa
504 4569 757 4644 iumentorumque
778 4563 903 4645 scribit,
931 4583 993 4648 quc
1015 4562 1101 4626 fecto
1122 4561 1299 4627 rectissime
1320 4561 1368 4623 iu-

278 4684 444 4744 mentorum
464 4680 573 4744 fimum
594 4687 707 4766 utpote
726 4657 925 4750 levissimum
948 4701 968 4744 e
988 4679 1117 4764 reliquie
1140 4675 1275 4741 duobus
1287 4683 1370 4742 eter-

1172 4793 1193 4860 3
