3567 5559
451 730 495 800 64
890 736 982 798 uter
1000 737 1037 798 Χ
1040 737 1126 798 V111.

502 925 702 1028 prehendi,
738 937 778 1005 nt
803 929 853 1006 ob
886 929 925 1004 id
952 926 1178 1028 petulantiae
1205 927 1306 1006 sales
1324 977 1329 984 -
1346 929 1456 1004 etiem
1480 947 1545 1002 cun
1617 949 1619 970 1

503 1061 620 1158 primo
649 1082 737 1136 vere
763 1061 955 1150 ludentum
980 1061 1146 1160 auspicio
1170 1069 1293 1136 tamen
1323 1055 1549 1137 detestabiles

505 1191 688 1269 videntur.

536 1339 748 1424 Nequsqusm
776 1342 921 1427 intelligo
950 1363 1007 1406 cur
1034 1341 1182 1405 codicum
1203 1340 1299 1404 lectio
1337 1341 1439 1405 etiam
1461 1359 1480 1401 a
1499 1335 1554 1399 Sili.

431 1435 490 1519 ¹et
509 1457 589 1518 lsuo
610 1465 721 1540 spreta
742 1457 798 1537 sit,
834 1478 972 1544 namque
1001 1458 1095 1539 ,sales
1117 1459 1172 1543 qui
1199 1457 1365 1521 luduntur‘
1395 1452 1556 1536 mihrqui-

456 1571 531 1634 dem
552 1579 720 1655 tantopere
741 1571 911 1656 displicent
941 1582 976 1637 ut
993 1575 1020 1638 si
1041 1575 1196 1658 scriptum
1217 1575 1249 1637 in
1272 1575 1444 1639 codicibus
1466 1589 1557 1654 reper-

457 1689 546 1768 irem,
567 1687 609 1750 de
624 1689 809 1752 coniectura
821 1691 1006 1774 cogitarem.
1029 1691 1073 1755 At
1096 1690 1176 1753 nihil
1192 1691 1255 1753 tale
1276 1691 1310 1754 in
1325 1691 1495 1756 codicibus
1513 1707 1557 1749 ex·

457 1814 536 1873 stet:
558 1804 600 1868 ed
616 1826 715 1868 unum
731 1826 843 1870 omues
858 1813 1034 1887 wsdcnaae,
1056 1815 1153 1892 atque
1175 1821 1203 1871 er
1224 1814 1263 1871 ob
1286 1814 1321 1872 id
1342 1829 1460 1872 omnes
1481 1822 1559 1890 prae
1617 1841 1618 1880 ᾗ

458 1933 507 1987 ter
525 1923 546 1986 d
568 1924 739 2008 praebent:
762 1924 858 2010 idque
871 1926 1048 1989 verissime.
1070 1923 1183 1988 Omnis
1206 1926 1291 1989 enim
1312 1927 1400 1990 vitse
1422 1926 1515 2009 lepos
1533 1931 1558 1983 et

458 2060 583 2104 summa
626 2041 770 2106 hilaritas
811 2042 1021 2126 laborumque
1062 2042 1190 2126 requies
1233 2040 1319 2105 sales
1362 2042 1559 2129 appellantur

460 2157 600 2244 (xm
612 2160 692 2242 88);
714 2161 821 2245 itaque
842 2161 958 2224 mirum
971 2166 1097 2223 nonest
1119 2178 1175 2222 eos
1197 2160 1304 2223 stetim
1327 2182 1349 2224 a
1367 2163 1474 2246 primo
1496 2174 1559 2221 vere

457 2275 592 2356 laudari,
613 2296 685 2339 curn
706 2277 896 2360 praesertim
918 2277 1107 2341 industrism
1127 2275 1391 2364 diligentiamque
1413 2273 1557 2364 agricola·

458 2413 529 2456 rum
550 2391 720 2476 opprobrio
742 2394 855 2457 merito
877 2395 1028 2476 excitent,
1051 2414 1115 2479 qno
1139 2394 1194 2478 qui
1215 2394 1299 2458 iusto
1320 2396 1447 2460 tardius
1471 2409 1558 2477 opers
1618 2409 1619 2432 ¹

458 2509 580 2573 fociant
613 2511 824 2604 cumulentur.
868 2511 1004 2577 Accedit
1025 2509 1111 2596 quod
1139 2511 1186 2574 sie
1208 2519 1333 2576 tantum
1362 2509 1556 2578 adversative
1618 2599 1619 2602 Ἴ

459 2626 616 2712 particula
635 2629 669 2691 in
698 2630 844 2712 proximo
877 2649 975 2693 sensu
996 2629 1113 2696 locum.
1130 2627 1238 2692 habet.
1282 2627 1397 2695 Ouculi
1425 2626 1556 2695 enimin
1618 2617 1619 2622 ¹

459 2765 494 2809 re
523 2746 647 2811 rustica
677 2745 873 2829 laudabiles,
914 2748 948 2810 in
977 2746 1127 2828 auspiciis
1167 2745 1375 2811 detestabiles
1411 2748 1556 2813 videntur.

299 2868 305 2886 ⁸
328 2929 341 2948 Ι
460 2866 623 2930 Restituta
642 2865 740 2952 igitur
761 2864 908 2930 codicum
929 2865 1087 2948 scripture
1106 2862 1262 2948 legimus:

410 3076 421 3088 α
502 2998 531 3047 et
552 2990 590 3047 eb
610 2990 644 3049 id
660 2995 722 3064 pet.
743 2988 799 3048 ssi.
824 2989 911 3047 etiam
933 3002 958 3046 c.
976 3002 1026 3061 pr.
1050 3001 1075 3044 v.
1099 2986 1271 3046 mussas.

377 3201 442 3271 370
736 3183 742 3190 ’
869 3168 944 3242 258
968 3179 1002 3209 ²²
1027 3167 1150 3260 28,67.

510 3297 621 3376 Prata
643 3337 694 3357 ·-
718 3343 765 3376 -.
791 3295 947 3396 relinqui
987 3295 1126 3372 debent
1164 3295 1202 3371 in
1247 3296 1345 3374 laeto
1386 3297 1469 3377 solo
1505 3289 1555 3370 vel

509 3431 635 3508 umido
670 3428 731 3506 vel
765 3431 894 3529 riguo,
932 3450 1051 3528 eaque
1085 3450 1182 3527 aqua
1208 3427 1333 3530 pluvia
1375 3432 1483 3532 rigari
1509 3428 1556 3502 via
1616 3431 1617 3446 ¹

510 3562 669 3667 publiea.
888 3621 893 3625 .
938 3579 945 3588 '
1022 3651 1032 3662 ἱ
1360 3569 1365 3595 ¹
1547 3595 1552 3602 ·

545 3715 608 3780 Vis
627 3711 756 3800 publica
777 3732 892 3798 squam
913 3710 1054 3796 pluviam
1076 3732 1140 3777 non
1161 3711 1209 3777 uti
1230 3680 1373 3796 constat,
1401 3733 1505 3799 neque
1526 3726 1556 3772 es

432 3833 437 3840 ’
463 3838 534 3902 sole
554 3843 647 3922 prete
666 3832 774 3919 rigari,
796 3831 906 3916 itaque
927 3830 1063 3894 alterum
1085 3850 1188 3916 genus
1211 3849 1314 3916 equae
1332 3829 1451 3894 ultimis
1472 3847 1557 3894 voes-

463 3954 546 4019 bulis
568 3951 705 4017 describi
736 3955 988 4014 consentaneum
1017 3954 1074 4015 est.
1116 3948 1186 4011 Iam
1208 3921 1284 4011 vero
1311 3954 1406 4032 prsta
1432 3955 1486 4012 aut
1505 3947 1556 4010 sic·

463 4089 564 4133 canes
586 4077 641 4133 aut
657 4070 750 4153 rigua
771 4085 844 4132 esse
857 4064 1036 4130 Columella
1058 4064 1168 4129 docuit
1188 4065 1227 4128 11.
1249 4065 1299 4146 17,
1321 4062 1454 4129 dicato
1476 4084 1519 4150 cp.
1532 4061 1556 4126 8.

466 4187 509 4252 Et
529 4185 679 4249 siccanea
705 4177 835 4269 quidem
861 4183 980 4248 idcirco
1010 4182 1229 4269 appellantur,
1265 4181 1416 4265 quonism
1444 4189 1557 4266 praeter

373 4327 380 4342 ·
466 4300 719 4388 pluriem‘nulla
746 4320 830 4386 sque
858 4321 940 4385 opus
966 4300 1103 4382 habent,
1138 4300 1232 4384 rigua
1262 4305 1369 4362 autern
1402 4300 1556 4362 influentes

465 4395 551 4483 rivos
591 4414 783 4480 desiderant.
816 4403 898 4481 ¹Ille
935 4416 1057 4481 Plinius
1099 4417 1132 4479 in
1175 4413 1283 4478 umido
1326 4415 1394 4480 solo
1437 4417 1557 4480 collocat
1614 4419 1615 4436 ³

466 4542 487 4606 i.
509 4560 538 4604 e.
560 4539 594 4602 in
615 4554 748 4616 sucoso,
794 4533 874 4600 haec
895 4537 929 4598 in
950 4537 1057 4618 riguo,
1084 4530 1140 4595 ubi
1162 4531 1271 4596 fenum
1292 4533 1458 4618 irrigatum
1481 4533 1555 4618 sqnis

467 4665 626 4732 elicietur:
650 4653 801 4739 sequitur,
818 4659 854 4717 nt
874 4651 916 4715 ad
939 4651 1028 4736 prius
1050 4669 1155 4736 genus
1177 4669 1263 4734 equs
1283 4649 1392 4734 pluvis
1407 4651 1555 4730 referatur,
