<?xml version="1.0" encoding="UTF-8"?>
<!DOCTYPE html PUBLIC "-//W3C//DTD XHTML 1.0 Transitional//EN"
    "http://www.w3.org/TR/xhtml1/DTD/xhtml1-transitional.dtd">
<html xmlns="http://www.w3.org/1999/xhtml" xml:lang="en" lang="en">
 <head>
  <title>
</title>
<meta http-equiv="Content-Type" content="text/html;charset=utf-8" />
  <meta name='ocr-system' content='tesseract 3.04.00' />
  <meta name='ocr-capabilities' content='ocr_page ocr_carea ocr_par ocr_line ocrx_word'/>
</head>
<body>
  <div class='ocr_page' id='page_1' title='image "./vindiciaeplinia00urligoog_0275.png"; bbox 0 0 3567 5559; ppageno 0'>
   <div class='ocr_carea' id='block_1_1' title="bbox 703 699 1355 772">
    <p class='ocr_par' dir='ltr' id='par_1_1' title="bbox 703 699 1355 772">
     <span class='ocr_line' id='line_1_1' title="bbox 703 699 1355 772; baseline 0.011 -9"><span class='ocrx_word' id='word_1_1' title='bbox 703 701 796 763; x_wconf 77' lang='lat' dir='ltr'>Liber</span> <span class='ocrx_word' id='word_1_2' title='bbox 820 699 913 770; x_wconf 66' lang='lat' dir='ltr'>xlx.</span> <span class='ocrx_word' id='word_1_3' title='bbox 1317 703 1355 772; x_wconf 77' lang='lat'>71</span> 
     </span>
    </p>
   </div>
   <div class='ocr_carea' id='block_1_2' title="bbox 229 891 1359 2015">
    <p class='ocr_par' dir='ltr' id='par_1_2' title="bbox 229 891 1359 1096">
     <span class='ocr_line' id='line_1_2' title="bbox 229 891 1359 960; baseline 0.003 -3"><span class='ocrx_word' id='word_1_4' title='bbox 229 893 307 957; x_wconf 92' lang='lat' dir='ltr'>coni</span> <span class='ocrx_word' id='word_1_5' title='bbox 336 893 458 958; x_wconf 84' lang='lat' dir='ltr'>forma</span> <span class='ocrx_word' id='word_1_6' title='bbox 485 912 603 959; x_wconf 88' lang='lat' dir='ltr'>nomen</span> <span class='ocrx_word' id='word_1_7' title='bbox 628 892 749 958; x_wconf 85' lang='lat' dir='ltr'>hebere</span> <span class='ocrx_word' id='word_1_8' title='bbox 776 891 935 958; x_wconf 71' lang='lat' dir='ltr'>videmur.</span> <span class='ocrx_word' id='word_1_9' title='bbox 977 899 1110 959; x_wconf 76' lang='lat' dir='ltr'><em>evellitur</em></span> <span class='ocrx_word' id='word_1_10' title='bbox 1132 891 1199 958; x_wconf 90' lang='lat' dir='ltr'>Sill.</span> <span class='ocrx_word' id='word_1_11' title='bbox 1230 899 1359 960; x_wconf 87' lang='lat' dir='ltr'>rectae</span> 
     </span>
     <span class='ocr_line' id='line_1_3' title="bbox 229 1008 518 1096; baseline 0.01 -23"><span class='ocrx_word' id='word_1_12' title='bbox 229 1008 304 1088; x_wconf 82' lang='lat' dir='ltr'>cod.</span> <span class='ocrx_word' id='word_1_13' title='bbox 329 1030 354 1076; x_wconf 85' lang='lat' dir='ltr'>a</span> <span class='ocrx_word' id='word_1_14' title='bbox 377 1010 518 1096; x_wconf 79' lang='lat' dir='ltr'>recepit</span> 
     </span>
    </p>

    <p class='ocr_par' dir='ltr' id='par_1_3' title="bbox 229 1125 1359 2015">
     <span class='ocr_line' id='line_1_4' title="bbox 318 1125 1357 1212; baseline 0 -18"><span class='ocrx_word' id='word_1_15' title='bbox 318 1128 351 1212; x_wconf 67' lang='grc' dir='ltr'>ἓ.</span> <span class='ocrx_word' id='word_1_16' title='bbox 378 1127 429 1194; x_wconf 85' lang='grc'>32</span> <span class='ocrx_word' id='word_1_17' title='bbox 461 1146 480 1189; x_wconf 88' lang='lat' dir='ltr'>e</span> <span class='ocrx_word' id='word_1_18' title='bbox 512 1125 605 1191; x_wconf 82' lang='lat' dir='ltr'><strong>codd.</strong></span> <span class='ocrx_word' id='word_1_19' title='bbox 626 1125 832 1192; x_wconf 85' lang='lat' dir='ltr'>inserendum</span> <span class='ocrx_word' id='word_1_20' title='bbox 864 1131 915 1190; x_wconf 85' lang='lat' dir='ltr'>est</span> <span class='ocrx_word' id='word_1_21' title='bbox 945 1132 1077 1210; x_wconf 77' lang='lat' dir='ltr'>epatium</span> <span class='ocrx_word' id='word_1_22' title='bbox 1111 1147 1184 1192; x_wconf 87' lang='lat' dir='ltr'>oum</span> <span class='ocrx_word' id='word_1_23' title='bbox 1216 1128 1357 1212; x_wconf 63' lang='lat' dir='ltr'>vulgata</span> 
     </span>
     <span class='ocr_line' id='line_1_5' title="bbox 229 1242 1359 1330; baseline 0.001 -22"><span class='ocrx_word' id='word_1_24' title='bbox 229 1263 384 1329; x_wconf 84' lang='lat' dir='ltr'>namque</span> <span class='ocrx_word' id='word_1_25' title='bbox 419 1242 506 1330; x_wconf 89' lang='lat' dir='ltr'>apud</span> <span class='ocrx_word' id='word_1_26' title='bbox 526 1242 699 1328; x_wconf 89' lang='lat' dir='ltr'>Apuleium</span> <span class='ocrx_word' id='word_1_27' title='bbox 727 1249 801 1329; x_wconf 85' lang='lat' dir='ltr'>post</span> <span class='ocrx_word' id='word_1_28' title='bbox 829 1243 1003 1328; x_wconf 85' lang='lat' dir='ltr'>,temporis‘</span> <span class='ocrx_word' id='word_1_29' title='bbox 1041 1250 1194 1329; x_wconf 91' lang='lat' dir='ltr'>punctum</span> <span class='ocrx_word' id='word_1_30' title='bbox 1220 1244 1359 1330; x_wconf 72' lang='lat' dir='ltr'>penitam,</span> 
     </span>
     <span class='ocr_line' id='line_1_6' title="bbox 230 1359 1358 1447; baseline 0.002 -21"><span class='ocrx_word' id='word_1_31' title='bbox 230 1359 488 1426; x_wconf 81' lang='lat' dir='ltr'>substantivum</span> <span class='ocrx_word' id='word_1_32' title='bbox 507 1366 638 1447; x_wconf 87' lang='lat' dir='ltr'>propter</span> <span class='ocrx_word' id='word_1_33' title='bbox 658 1361 795 1425; x_wconf 79' lang='lat' dir='ltr'>vicinam</span> <span class='ocrx_word' id='word_1_34' title='bbox 816 1381 929 1426; x_wconf 85' lang='lat' dir='ltr'>vocem</span> <span class='ocrx_word' id='word_1_35' title='bbox 949 1362 1115 1445; x_wconf 73' lang='lat' dir='ltr'>,spentum‘</span> <span class='ocrx_word' id='word_1_36' title='bbox 1133 1361 1358 1428; x_wconf 83' lang='lat' dir='ltr'>omissumest.</span> 
     </span>
     <span class='ocr_line' id='line_1_7' title="bbox 231 1476 1358 1565; baseline -0.003 -17"><span class='ocrx_word' id='word_1_37' title='bbox 231 1479 261 1563; x_wconf 68' lang='lat'>§-</span> <span class='ocrx_word' id='word_1_38' title='bbox 283 1478 330 1547; x_wconf 80' lang='lat'>37</span> <span class='ocrx_word' id='word_1_39' title='bbox 362 1483 462 1543; x_wconf 83' lang='lat' dir='ltr'>recte</span> <span class='ocrx_word' id='word_1_40' title='bbox 490 1477 573 1545; x_wconf 89' lang='lat' dir='ltr'>Pint.</span> <span class='ocrx_word' id='word_1_41' title='bbox 602 1477 731 1564; x_wconf 74' lang='lat' dir='ltr'><strong>scripsit</strong></span> <span class='ocrx_word' id='word_1_42' title='bbox 757 1487 884 1558; x_wconf 71' lang='lat' dir='ltr'>accepte</span> <span class='ocrx_word' id='word_1_43' title='bbox 912 1487 1026 1544; x_wconf 80' lang='lat' dir='ltr'>tantum</span> <span class='ocrx_word' id='word_1_44' title='bbox 1059 1483 1174 1560; x_wconf 69' lang='lat' dir='ltr'>rieule,</span> <span class='ocrx_word' id='word_1_45' title='bbox 1206 1477 1292 1565; x_wconf 86' lang='lat' dir='ltr'>quod</span> <span class='ocrx_word' id='word_1_46' title='bbox 1319 1476 1358 1546; x_wconf 74' lang='lat' dir='ltr'>ool</span> 
     </span>
     <span class='ocr_line' id='line_1_8' title="bbox 230 1590 1358 1686; baseline 0.001 -25"><span class='ocrx_word' id='word_1_47' title='bbox 230 1596 418 1686; x_wconf 81' lang='grc' dir='ltr'><strong><em>πρότερον</em></strong></span> <span class='ocrx_word' id='word_1_48' title='bbox 444 1601 525 1682; x_wconf 75' lang='grc' dir='ltr'>πρὶν</span> <span class='ocrx_word' id='word_1_49' title='bbox 551 1594 571 1682; x_wconf 76' lang='grc' dir='ltr'><strong><em>ἢ</em></strong></span> <span class='ocrx_word' id='word_1_50' title='bbox 591 1599 768 1682; x_wconf 75' lang='grc' dir='ltr'><em>γενομένης</em></span> <span class='ocrx_word' id='word_1_51' title='bbox 800 1590 985 1681; x_wconf 65' lang='grc' dir='ltr'><strong><em>ἐπομβρίας</em></strong></span> <span class='ocrx_word' id='word_1_52' title='bbox 1006 1595 1249 1682; x_wconf 69' lang='lat' dir='ltr'><strong>Theophrastus</strong></span> <span class='ocrx_word' id='word_1_53' title='bbox 1271 1598 1358 1684; x_wconf 81' lang='lat' dir='ltr'>epud</span> 
     </span>
     <span class='ocr_line' id='line_1_9' title="bbox 233 1711 1359 1799; baseline -0.001 -19"><span class='ocrx_word' id='word_1_54' title='bbox 233 1713 457 1780; x_wconf 76' lang='lat' dir='ltr'><strong>Athenaeum</strong></span> <span class='ocrx_word' id='word_1_55' title='bbox 485 1713 741 1799; x_wconf 74' lang='lat' dir='ltr'>epit.11.p.62</span> <span class='ocrx_word' id='word_1_56' title='bbox 774 1712 909 1778; x_wconf 61' lang='lat' dir='ltr'>(lueret.</span> <span class='ocrx_word' id='word_1_57' title='bbox 952 1711 1026 1778; x_wconf 87' lang='lat' dir='ltr'>Vox</span> <span class='ocrx_word' id='word_1_58' title='bbox 1061 1713 1146 1778; x_wconf 91' lang='lat' dir='ltr'>enim</span> <span class='ocrx_word' id='word_1_59' title='bbox 1179 1719 1291 1779; x_wconf 72' lang='lat' dir='ltr'>tentum</span> <span class='ocrx_word' id='word_1_60' title='bbox 1325 1716 1359 1780; x_wconf 91' lang='lat' dir='ltr'>in</span> 
     </span>
     <span class='ocr_line' id='line_1_10' title="bbox 233 1829 1359 1912; baseline -0.001 -16"><span class='ocrx_word' id='word_1_61' title='bbox 233 1831 581 1898; x_wconf 80' lang='lat' dir='ltr'>codicum-varietate</span> <span class='ocrx_word' id='word_1_62' title='bbox 609 1842 763 1910; x_wconf 78' lang='lat' dir='ltr'>acceptam</span> <span class='ocrx_word' id='word_1_63' title='bbox 789 1836 936 1910; x_wconf 58' lang='lat' dir='ltr'>mois</span> <span class='ocrx_word' id='word_1_64' title='bbox 966 1829 1018 1896; x_wconf 77' lang='lat' dir='ltr'>vel</span> <span class='ocrx_word' id='word_1_65' title='bbox 1052 1841 1179 1912; x_wconf 75' lang='lat' dir='ltr'>accepta</span> <span class='ocrx_word' id='word_1_66' title='bbox 1213 1837 1359 1912; x_wconf 64' lang='lat' dir='ltr'>menis</span> 
     </span>
     <span class='ocr_line' id='line_1_11' title="bbox 236 1948 330 2015; baseline 0.021 -2"><span class='ocrx_word' id='word_1_67' title='bbox 236 1948 330 2015; x_wconf 75' lang='lat' dir='ltr'>latet.</span> 
     </span>
    </p>
   </div>
   <div class='ocr_carea' id='block_1_3' title="bbox 697 2051 1574 2174">
    <p class='ocr_par' dir='ltr' id='par_1_4' title="bbox 697 2051 1574 2174">
     <span class='ocr_line' id='line_1_12' title="bbox 697 2051 1574 2174; baseline 0.01 -15"><span class='ocrx_word' id='word_1_68' title='bbox 697 2084 903 2174; x_wconf 81' lang='lat'><strong>38:3,14.</strong></span> <span class='ocrx_word' id='word_1_69' title='bbox 1379 2097 1441 2166; x_wconf 77' lang='lat' dir='ltr'>aee</span> <span class='ocrx_word' id='word_1_70' title='bbox 1568 2051 1574 2062; x_wconf 64' lang='grc'>’</span> 
     </span>
    </p>
   </div>
   <div class='ocr_carea' id='block_1_4' title="bbox 242 2211 1358 3035">
    <p class='ocr_par' dir='ltr' id='par_1_5' title="bbox 242 2211 1358 3035">
     <span class='ocr_line' id='line_1_13' title="bbox 288 2211 1358 2316; baseline -0.001 -23"><span class='ocrx_word' id='word_1_71' title='bbox 288 2211 394 2293; x_wconf 88' lang='lat' dir='ltr'>Sunt</span> <span class='ocrx_word' id='word_1_72' title='bbox 432 2220 469 2290; x_wconf 89' lang='lat' dir='ltr'>et</span> <span class='ocrx_word' id='word_1_73' title='bbox 504 2215 542 2290; x_wconf 94' lang='lat' dir='ltr'>in</span> <span class='ocrx_word' id='word_1_74' title='bbox 567 2214 766 2314; x_wconf 83' lang='lat' dir='ltr'>fungorum</span> <span class='ocrx_word' id='word_1_75' title='bbox 803 2237 944 2315; x_wconf 84' lang='lat' dir='ltr'>genere</span> <span class='ocrx_word' id='word_1_76' title='bbox 973 2211 1124 2292; x_wconf 88' lang='lat' dir='ltr'>Graecis</span> <span class='ocrx_word' id='word_1_77' title='bbox 1163 2212 1252 2292; x_wconf 85' lang='lat' dir='ltr'>dicti</span> <span class='ocrx_word' id='word_1_78' title='bbox 1292 2238 1358 2316; x_wconf 91' lang='lat' dir='ltr'>pe-</span> 
     </span>
     <span class='ocr_line' id='line_1_14' title="bbox 288 2348 1018 2426; baseline 0.005 -2"><span class='ocrx_word' id='word_1_79' title='bbox 288 2348 401 2426; x_wconf 85' lang='lat' dir='ltr'>zicae</span> <span class='ocrx_word' id='word_1_80' title='bbox 428 2390 479 2402; x_wconf 94' lang='lat'>-</span> <span class='ocrx_word' id='word_1_81' title='bbox 1009 2359 1018 2373; x_wconf 84' lang='lat'>&#39;</span> 
     </span>
     <span class='ocr_line' id='line_1_15' title="bbox 242 2475 1358 2567; baseline 0.004 -24"><span class='ocrx_word' id='word_1_82' title='bbox 242 2480 333 2558; x_wconf 69' lang='grc' dir='ltr'>πέζις</span> <span class='ocrx_word' id='word_1_83' title='bbox 364 2501 388 2546; x_wconf 84' lang='lat' dir='ltr'>a</span> <span class='ocrx_word' id='word_1_84' title='bbox 419 2477 676 2565; x_wconf 73' lang='lat' dir='ltr'>Theophane.</span> <span class='ocrx_word' id='word_1_85' title='bbox 698 2480 718 2546; x_wconf 79' lang='lat'>5</span> <span class='ocrx_word' id='word_1_86' title='bbox 746 2478 795 2544; x_wconf 89' lang='lat' dir='ltr'>cll.</span> <span class='ocrx_word' id='word_1_87' title='bbox 816 2477 936 2542; x_wconf 81' lang='lat' dir='ltr'>Athen.</span> <span class='ocrx_word' id='word_1_88' title='bbox 959 2477 1033 2564; x_wconf 86' lang='lat' dir='ltr'>opit.</span> <span class='ocrx_word' id='word_1_89' title='bbox 1055 2475 1098 2542; x_wconf 89' lang='grc' dir='ltr'>ΙΙ.</span> <span class='ocrx_word' id='word_1_90' title='bbox 1119 2499 1149 2564; x_wconf 90' lang='lat' dir='ltr'>p.</span> <span class='ocrx_word' id='word_1_91' title='bbox 1171 2480 1210 2548; x_wconf 87' lang='lat'>61</span> <span class='ocrx_word' id='word_1_92' title='bbox 1249 2481 1358 2567; x_wconf 84' lang='lat' dir='ltr'>eppel·</span> 
     </span>
     <span class='ocr_line' id='line_1_16' title="bbox 242 2594 1357 2682; baseline 0.005 -25"><span class='ocrx_word' id='word_1_93' title='bbox 242 2594 344 2680; x_wconf 83' lang='lat' dir='ltr'>latur,</span> <span class='ocrx_word' id='word_1_94' title='bbox 379 2597 585 2661; x_wconf 81' lang='lat' dir='ltr'>accusativus</span> <span class='ocrx_word' id='word_1_95' title='bbox 617 2597 733 2674; x_wconf 79' lang='grc' dir='ltr'><strong><em>πέζιας</em></strong></span> <span class='ocrx_word' id='word_1_96' title='bbox 763 2594 849 2681; x_wconf 83' lang='lat' dir='ltr'>apud</span> <span class='ocrx_word' id='word_1_97' title='bbox 873 2594 1077 2659; x_wconf 83' lang='lat' dir='ltr'>Athenaeum</span> <span class='ocrx_word' id='word_1_98' title='bbox 1107 2597 1203 2682; x_wconf 86' lang='lat' dir='ltr'>vulgo</span> <span class='ocrx_word' id='word_1_99' title='bbox 1231 2598 1357 2682; x_wconf 83' lang='lat' dir='ltr'>legitur,</span> 
     </span>
     <span class='ocr_line' id='line_1_17' title="bbox 245 2705 1357 2792; baseline 0.005 -18"><span class='ocrx_word' id='word_1_100' title='bbox 245 2711 276 2774; x_wconf 92' lang='lat' dir='ltr'>in</span> <span class='ocrx_word' id='word_1_101' title='bbox 306 2713 477 2780; x_wconf 75' lang='lat' dir='ltr'>codicibus</span> <span class='ocrx_word' id='word_1_102' title='bbox 502 2715 637 2792; x_wconf 79' lang='grc' dir='ltr'><strong><em>πέζικας</em></strong></span> <span class='ocrx_word' id='word_1_103' title='bbox 668 2719 700 2778; x_wconf 90' lang='lat' dir='ltr'>et</span> <span class='ocrx_word' id='word_1_104' title='bbox 733 2710 867 2791; x_wconf 77' lang='grc' dir='ltr'><strong><em>πεζικάς</em></strong></span> <span class='ocrx_word' id='word_1_105' title='bbox 896 2713 1052 2779; x_wconf 84' lang='lat' dir='ltr'>scribitur.</span> <span class='ocrx_word' id='word_1_106' title='bbox 1095 2711 1123 2778; x_wconf 82' lang='lat' dir='ltr'><strong>E</strong></span> <span class='ocrx_word' id='word_1_107' title='bbox 1149 2705 1259 2780; x_wconf 85' lang='lat' dir='ltr'>nostro</span> <span class='ocrx_word' id='word_1_108' title='bbox 1286 2715 1357 2780; x_wconf 89' lang='lat' dir='ltr'>loco</span> 
     </span>
     <span class='ocr_line' id='line_1_18' title="bbox 247 2829 1357 2918; baseline 0.005 -26"><span class='ocrx_word' id='word_1_109' title='bbox 247 2837 385 2915; x_wconf 78' lang='lat' dir='ltr'>apparet</span> <span class='ocrx_word' id='word_1_110' title='bbox 395 2829 434 2916; x_wconf 80' lang='lat'>²⁸¹)</span> <span class='ocrx_word' id='word_1_111' title='bbox 453 2829 588 2918; x_wconf 84' lang='lat' dir='ltr'>fungum</span> <span class='ocrx_word' id='word_1_112' title='bbox 601 2851 621 2894; x_wconf 87' lang='lat' dir='ltr'>a</span> <span class='ocrx_word' id='word_1_113' title='bbox 634 2830 831 2895; x_wconf 86' lang='lat' dir='ltr'>nominativo</span> <span class='ocrx_word' id='word_1_114' title='bbox 853 2831 948 2909; x_wconf 82' lang='grc' dir='ltr'><strong><em>πέζιξ</em></strong></span> <span class='ocrx_word' id='word_1_115' title='bbox 968 2831 1085 2908; x_wconf 70' lang='lat' dir='ltr'>attexo</span> <span class='ocrx_word' id='word_1_116' title='bbox 1107 2829 1225 2913; x_wconf 81' lang='lat' dir='ltr'>vocari,</span> <span class='ocrx_word' id='word_1_117' title='bbox 1249 2830 1357 2918; x_wconf 80' lang='lat' dir='ltr'>itaque</span> 
     </span>
     <span class='ocr_line' id='line_1_19' title="bbox 248 2939 984 3035; baseline 0.008 -29"><span class='ocrx_word' id='word_1_118' title='bbox 248 2947 333 3035; x_wconf 86' lang='lat' dir='ltr'>apud</span> <span class='ocrx_word' id='word_1_119' title='bbox 355 2947 499 3013; x_wconf 91' lang='lat' dir='ltr'>Plinium</span> <span class='ocrx_word' id='word_1_120' title='bbox 513 2954 636 3029; x_wconf 81' lang='lat' dir='ltr'>pezicee</span> <span class='ocrx_word' id='word_1_121' title='bbox 656 2939 891 3014; x_wconf 62' lang='lat' dir='ltr'>restituendum</span> <span class='ocrx_word' id='word_1_122' title='bbox 913 2947 984 3012; x_wconf 85' lang='lat' dir='ltr'>erit.</span> 
     </span>
    </p>
   </div>
   <div class='ocr_carea' id='block_1_5' title="bbox 299 3101 1441 3332">
    <p class='ocr_par' dir='ltr' id='par_1_6' title="bbox 299 3101 1441 3332">
     <span class='ocr_line' id='line_1_20' title="bbox 701 3101 1441 3190; baseline -0.003 -12"><span class='ocrx_word' id='word_1_123' title='bbox 701 3102 745 3178; x_wconf 82' lang='grc'>41</span> <span class='ocrx_word' id='word_1_124' title='bbox 761 3135 806 3168; x_wconf 95' lang='lat'><strong><em>=</em></strong></span> <span class='ocrx_word' id='word_1_125' title='bbox 816 3101 913 3190; x_wconf 81' lang='grc'><strong>3,15.</strong></span> <span class='ocrx_word' id='word_1_126' title='bbox 1379 3105 1441 3176; x_wconf 81' lang='grc'>387</span> 
     </span>
     <span class='ocr_line' id='line_1_21' title="bbox 299 3201 1358 3332; baseline 0.002 -24"><span class='ocrx_word' id='word_1_127' title='bbox 299 3201 579 3332; x_wconf 79' lang='lat' dir='ltr'>(laserpicium)</span> <span class='ocrx_word' id='word_1_128' title='bbox 617 3232 716 3332; x_wconf 89' lang='lat' dir='ltr'>apud</span> <span class='ocrx_word' id='word_1_129' title='bbox 741 3239 914 3310; x_wconf 81' lang='lat' dir='ltr'>auctores</span> <span class='ocrx_word' id='word_1_130' title='bbox 941 3228 1119 3308; x_wconf 75' lang='lat' dir='ltr'>Graeciae</span> <span class='ocrx_word' id='word_1_131' title='bbox 1155 3231 1358 3310; x_wconf 86' lang='lat' dir='ltr'>evidentis-</span> 
     </span>
    </p>
   </div>
   <div class='ocr_carea' id='block_1_6' title="bbox 216 3360 1385 4172">
    <p class='ocr_par' dir='ltr' id='par_1_7' title="bbox 216 3360 1385 4172">
     <span class='ocr_line' id='line_1_22' title="bbox 297 3360 1098 3444; baseline -0.002 -5"><span class='ocrx_word' id='word_1_132' title='bbox 297 3364 415 3444; x_wconf 91' lang='lat' dir='ltr'>simos</span> <span class='ocrx_word' id='word_1_133' title='bbox 443 3363 652 3441; x_wconf 90' lang='lat' dir='ltr'>invenimus</span> <span class='ocrx_word' id='word_1_134' title='bbox 679 3369 804 3439; x_wconf 85' lang='lat' dir='ltr'>natum</span> <span class='ocrx_word' id='word_1_135' title='bbox 829 3363 945 3440; x_wconf 90' lang='lat' dir='ltr'>imbre</span> <span class='ocrx_word' id='word_1_136' title='bbox 971 3360 1036 3439; x_wconf 84' lang='lat' dir='ltr'>rel.</span> <span class='ocrx_word' id='word_1_137' title='bbox 1094 3365 1098 3376; x_wconf 75' lang='grc'><em>“</em></span> 
     </span>
     <span class='ocr_line' id='line_1_23' title="bbox 331 3493 1373 3581; baseline -0.001 -20"><span class='ocrx_word' id='word_1_138' title='bbox 331 3496 592 3581; x_wconf 80' lang='lat' dir='ltr'>Theophrastum</span> <span class='ocrx_word' id='word_1_139' title='bbox 613 3496 669 3561; x_wconf 92' lang='lat'><em>111.</em></span> <span class='ocrx_word' id='word_1_140' title='bbox 692 3497 722 3561; x_wconf 91' lang='lat'>1.</span> <span class='ocrx_word' id='word_1_141' title='bbox 743 3494 764 3562; x_wconf 94' lang='grc'><strong>6</strong></span> <span class='ocrx_word' id='word_1_142' title='bbox 786 3493 876 3575; x_wconf 81' lang='lat' dir='ltr'>dicit,</span> <span class='ocrx_word' id='word_1_143' title='bbox 912 3495 966 3580; x_wconf 89' lang='lat' dir='ltr'>qui</span> <span class='ocrx_word' id='word_1_144' title='bbox 987 3494 1225 3560; x_wconf 81' lang='lat' dir='ltr'>vetustissimus</span> <span class='ocrx_word' id='word_1_145' title='bbox 1248 3501 1373 3572; x_wconf 38' lang='lat' dir='ltr'>auctor.</span> 
     </span>
     <span class='ocr_line' id='line_1_24' title="bbox 252 3609 1358 3698; baseline 0.001 -22"><span class='ocrx_word' id='word_1_146' title='bbox 252 3609 319 3695; x_wconf 80' lang='lat' dir='ltr'>ihil,</span> <span class='ocrx_word' id='word_1_147' title='bbox 349 3613 486 3680; x_wconf 87' lang='lat' dir='ltr'>evidens</span> <span class='ocrx_word' id='word_1_148' title='bbox 508 3612 664 3698; x_wconf 80' lang='lat' dir='ltr'>appellari</span> <span class='ocrx_word' id='word_1_149' title='bbox 684 3611 804 3697; x_wconf 86' lang='lat' dir='ltr'>nequit.</span> <span class='ocrx_word' id='word_1_150' title='bbox 846 3610 990 3677; x_wconf 63' lang='lat' dir='ltr'>Eiidem</span> <span class='ocrx_word' id='word_1_151' title='bbox 1013 3614 1098 3678; x_wconf 90' lang='lat' dir='ltr'>enim</span> <span class='ocrx_word' id='word_1_152' title='bbox 1121 3617 1171 3678; x_wconf 87' lang='lat' dir='ltr'>est</span> <span class='ocrx_word' id='word_1_153' title='bbox 1192 3613 1245 3698; x_wconf 88' lang='lat' dir='ltr'>qui</span> <span class='ocrx_word' id='word_1_154' title='bbox 1266 3611 1358 3677; x_wconf 89' lang='lat' dir='ltr'>intel·</span> 
     </span>
     <span class='ocr_line' id='line_1_25' title="bbox 253 3726 1372 3818; baseline -0.004 -21"><span class='ocrx_word' id='word_1_155' title='bbox 253 3726 360 3812; x_wconf 73' lang='lat' dir='ltr'>ligitur</span> <span class='ocrx_word' id='word_1_156' title='bbox 375 3753 441 3797; x_wconf 92' lang='lat' dir='ltr'>non</span> <span class='ocrx_word' id='word_1_157' title='bbox 454 3730 678 3818; x_wconf 82' lang='lat' dir='ltr'>quiintelligit.</span> <span class='ocrx_word' id='word_1_158' title='bbox 701 3731 1068 3815; x_wconf 71' lang='lat' dir='ltr'>ltnquevetoetiseimoe</span> <span class='ocrx_word' id='word_1_159' title='bbox 1088 3729 1194 3794; x_wconf 81' lang='lat' dir='ltr'>littora</span> <span class='ocrx_word' id='word_1_160' title='bbox 1214 3750 1231 3793; x_wconf 87' lang='lat' dir='ltr'>e</span> <span class='ocrx_word' id='word_1_161' title='bbox 1252 3727 1372 3814; x_wconf 48' lang='lat' dir='ltr'>ep&#39;rog</span> 
     </span>
     <span class='ocr_line' id='line_1_26' title="bbox 216 3844 1359 3933; baseline -0.002 -21"><span class='ocrx_word' id='word_1_162' title='bbox 216 3856 223 3872; x_wconf 69' lang='lat'>⁸</span> <span class='ocrx_word' id='word_1_163' title='bbox 254 3845 338 3914; x_wconf 78' lang='lat' dir='ltr'>xima</span> <span class='ocrx_word' id='word_1_164' title='bbox 359 3870 440 3915; x_wconf 84' lang='lat' dir='ltr'>voce</span> <span class='ocrx_word' id='word_1_165' title='bbox 477 3847 648 3933; x_wconf 75' lang='lat' dir='ltr'>adsumpta</span> <span class='ocrx_word' id='word_1_166' title='bbox 669 3851 853 3931; x_wconf 83' lang='lat' dir='ltr'>corruptum</span> <span class='ocrx_word' id='word_1_167' title='bbox 884 3865 957 3911; x_wconf 84' lang='lat' dir='ltr'>esne</span> <span class='ocrx_word' id='word_1_168' title='bbox 987 3844 1194 3928; x_wconf 79' lang='lat' dir='ltr'>affirmarem,</span> <span class='ocrx_word' id='word_1_169' title='bbox 1232 3845 1359 3910; x_wconf 73' lang='lat' dir='ltr'>etiamsi</span> 
     </span>
     <span class='ocr_line' id='line_1_27' title="bbox 256 3943 1385 4061; baseline 0.003 -37"><span class='ocrx_word' id='word_1_170' title='bbox 256 3963 342 4031; x_wconf 82' lang='lat' dir='ltr'>nulla</span> <span class='ocrx_word' id='word_1_171' title='bbox 363 3943 509 4032; x_wconf 79' lang='lat' dir='ltr'>codicum</span> <span class='ocrx_word' id='word_1_172' title='bbox 538 3963 712 4030; x_wconf 79' lang='lat' dir='ltr'>auctoritas</span> <span class='ocrx_word' id='word_1_173' title='bbox 742 3963 919 4028; x_wconf 80' lang='lat' dir='ltr'>accederet.</span> <span class='ocrx_word' id='word_1_174' title='bbox 960 3961 1056 4037; x_wconf 81' lang='lat' dir='ltr'>Quod</span> <span class='ocrx_word' id='word_1_175' title='bbox 1080 3981 1176 4047; x_wconf 88' lang='lat' dir='ltr'>quum</span> <span class='ocrx_word' id='word_1_176' title='bbox 1208 3961 1241 4026; x_wconf 92' lang='lat' dir='ltr'>in</span> <span class='ocrx_word' id='word_1_177' title='bbox 1264 3961 1385 4061; x_wconf 38' lang='lat' dir='ltr'>codd..</span> 
     </span>
     <span class='ocr_line' id='line_1_28' title="bbox 258 4078 1182 4172; baseline 0.001 -28"><span class='ocrx_word' id='word_1_178' title='bbox 258 4078 314 4144; x_wconf 79' lang='lat' dir='ltr'>&#39;ld</span> <span class='ocrx_word' id='word_1_179' title='bbox 333 4085 495 4172; x_wconf 80' lang='lat' dir='ltr'>integrum</span> <span class='ocrx_word' id='word_1_180' title='bbox 515 4083 652 4168; x_wconf 75' lang='lat' dir='ltr'>legetur,</span> <span class='ocrx_word' id='word_1_181' title='bbox 673 4101 714 4146; x_wconf 87' lang='lat' dir='ltr'>ec</span> <span class='ocrx_word' id='word_1_182' title='bbox 734 4081 851 4147; x_wconf 76' lang='lat' dir='ltr'>certius</span> <span class='ocrx_word' id='word_1_183' title='bbox 870 4078 1090 4166; x_wconf 88' lang='lat' dir='ltr'>recipiendum</span> <span class='ocrx_word' id='word_1_184' title='bbox 1113 4079 1182 4145; x_wconf 85' lang='lat' dir='ltr'>erit.</span> 
     </span>
    </p>
   </div>
   <div class='ocr_carea' id='block_1_7' title="bbox 293 4315 1359 4758">
    <p class='ocr_par' dir='ltr' id='par_1_8' title="bbox 293 4315 1359 4758">
     <span class='ocr_line' id='line_1_29' title="bbox 293 4315 1359 4426; baseline -0.01 -15"><span class='ocrx_word' id='word_1_185' title='bbox 293 4355 323 4421; x_wconf 77' lang='lat'>⁸)</span> <span class='ocrx_word' id='word_1_186' title='bbox 342 4357 365 4410; x_wconf 80' lang='lat' dir='ltr'>n</span> <span class='ocrx_word' id='word_1_187' title='bbox 382 4353 454 4426; x_wconf 72' lang='lat'>§.37</span> <span class='ocrx_word' id='word_1_188' title='bbox 473 4315 604 4423; x_wconf 74' lang='lat' dir='ltr'>,tonitrus</span> <span class='ocrx_word' id='word_1_189' title='bbox 625 4350 730 4417; x_wconf 85' lang='lat' dir='ltr'>crebre,</span> <span class='ocrx_word' id='word_1_190' title='bbox 750 4349 911 4403; x_wconf 82' lang='lat' dir='ltr'>tuncneeci‘</span> <span class='ocrx_word' id='word_1_191' title='bbox 930 4349 1078 4419; x_wconf 77' lang='lat' dir='ltr'>colligitur,</span> <span class='ocrx_word' id='word_1_192' title='bbox 1098 4347 1171 4418; x_wconf 82' lang='lat' dir='ltr'>epod</span> <span class='ocrx_word' id='word_1_193' title='bbox 1185 4347 1359 4403; x_wconf 81' lang='lat' dir='ltr'>Athenaeum</span> 
     </span>
     <span class='ocr_line' id='line_1_30' title="bbox 342 4449 1358 4532; baseline -0.012 -17"><span class='ocrx_word' id='word_1_194' title='bbox 342 4464 371 4517; x_wconf 91' lang='lat' dir='ltr'>ll.</span> <span class='ocrx_word' id='word_1_195' title='bbox 391 4462 533 4532; x_wconf 79' lang='lat' dir='ltr'>vulgatam</span> <span class='ocrx_word' id='word_1_196' title='bbox 552 4458 698 4512; x_wconf 83' lang='lat' dir='ltr'>lectionem</span> <span class='ocrx_word' id='word_1_197' title='bbox 716 4457 833 4526; x_wconf 70' lang='grc' dir='ltr'>βρονταὶ</span> <span class='ocrx_word' id='word_1_198' title='bbox 851 4471 877 4525; x_wconf 90' lang='lat' dir='ltr'>p.</span> <span class='ocrx_word' id='word_1_199' title='bbox 897 4455 968 4512; x_wconf 78' lang='lat' dir='ltr'>seb</span> <span class='ocrx_word' id='word_1_200' title='bbox 998 4455 1123 4528; x_wconf 74' lang='grc' dir='ltr'>σκληραὶ,</span> <span class='ocrx_word' id='word_1_201' title='bbox 1144 4449 1205 4508; x_wconf 75' lang='grc' dir='ltr'>τότε</span> <span class='ocrx_word' id='word_1_202' title='bbox 1224 4457 1358 4521; x_wconf 71' lang='grc' dir='ltr'>γίνεσθαι</span> 
     </span>
     <span class='ocr_line' id='line_1_31' title="bbox 344 4551 1358 4639; baseline -0.015 -16"><span class='ocrx_word' id='word_1_203' title='bbox 344 4582 488 4639; x_wconf 73' lang='lat' dir='ltr'>pcipccem</span> <span class='ocrx_word' id='word_1_204' title='bbox 506 4581 521 4617; x_wconf 86' lang='lat' dir='ltr'>c</span> <span class='ocrx_word' id='word_1_205' title='bbox 540 4563 710 4620; x_wconf 76' lang='lat' dir='ltr'>Schneidero</span> <span class='ocrx_word' id='word_1_206' title='bbox 735 4568 763 4617; x_wconf 82' lang='lat' dir='ltr'>et</span> <span class='ocrx_word' id='word_1_207' title='bbox 786 4561 933 4616; x_wconf 80' lang='lat' dir='ltr'>Dtndorho</span> <span class='ocrx_word' id='word_1_208' title='bbox 954 4562 982 4614; x_wconf 89' lang='lat' dir='ltr'>in</span> <span class='ocrx_word' id='word_1_209' title='bbox 1006 4561 1139 4631; x_wconf 76' lang='grc' dir='ltr'>βρονταὶ,</span> <span class='ocrx_word' id='word_1_210' title='bbox 1166 4552 1272 4627; x_wconf 66' lang='grc' dir='ltr'><strong><em>σκληρὰ</em></strong></span> <span class='ocrx_word' id='word_1_211' title='bbox 1297 4551 1358 4610; x_wconf 78' lang='grc' dir='ltr'>τότε</span> 
     </span>
     <span class='ocr_line' id='line_1_32' title="bbox 343 4676 717 4758; baseline -0.021 -24"><span class='ocrx_word' id='word_1_212' title='bbox 343 4676 478 4743; x_wconf 64' lang='lat' dir='ltr'>roccone</span> <span class='ocrx_word' id='word_1_213' title='bbox 495 4676 628 4728; x_wconf 78' lang='lat' dir='ltr'>mutatam</span> <span class='ocrx_word' id='word_1_214' title='bbox 644 4684 717 4758; x_wconf 79' lang='lat' dir='ltr'>esee.</span> 
     </span>
    </p>
   </div>
   <div class='ocr_carea' id='block_1_8' title="bbox 0 0 1802 5559">
    <p class='ocr_par' dir='ltr' id='par_1_9' title="bbox 0 0 1802 5559">
     <span class='ocr_line' id='line_1_33' title="bbox 0 0 1802 5559; baseline 0 0"><span class='ocrx_word' id='word_1_215' title='bbox 0 0 1802 5559; x_wconf 95' lang='lat' dir='ltr'> </span> 
     </span>
    </p>
   </div>
  </div>
 </body>
</html>
