<?xml version="1.0" encoding="UTF-8"?>
<!DOCTYPE html PUBLIC "-//W3C//DTD XHTML 1.0 Transitional//EN"
    "http://www.w3.org/TR/xhtml1/DTD/xhtml1-transitional.dtd">
<html xmlns="http://www.w3.org/1999/xhtml" xml:lang="en" lang="en">
 <head>
  <title>
</title>
<meta http-equiv="Content-Type" content="text/html;charset=utf-8" />
  <meta name='ocr-system' content='tesseract 3.04.00' />
  <meta name='ocr-capabilities' content='ocr_page ocr_carea ocr_par ocr_line ocrx_word'/>
</head>
<body>
  <div class='ocr_page' id='page_1' title='image "./vindiciaeplinia00urligoog_0153.png"; bbox 0 0 3567 5559; ppageno 0'>
   <div class='ocr_carea' id='block_1_1' title="bbox 666 535 1343 639">
    <p class='ocr_par' dir='ltr' id='par_1_1' title="bbox 666 535 1343 639">
     <span class='ocr_line' id='line_1_1' title="bbox 666 535 1343 639; baseline 0.007 -5"><span class='ocrx_word' id='word_1_1' title='bbox 666 568 769 634; x_wconf 63' lang='lat' dir='ltr'><strong>naa</strong></span> <span class='ocrx_word' id='word_1_2' title='bbox 788 569 899 638; x_wconf 74' lang='lat' dir='ltr'><strong>Vtri.</strong></span> <span class='ocrx_word' id='word_1_3' title='bbox 1090 535 1095 544; x_wconf 77' lang='grc'><strong>’</strong></span> <span class='ocrx_word' id='word_1_4' title='bbox 1280 575 1343 639; x_wconf 78' lang='lat' dir='ltr'><strong>rm</strong></span> 
     </span>
    </p>
   </div>
   <div class='ocr_carea' id='block_1_2' title="bbox 263 753 1341 993">
    <p class='ocr_par' dir='ltr' id='par_1_2' title="bbox 263 753 1341 993">
     <span class='ocr_line' id='line_1_2' title="bbox 264 753 1340 859; baseline 0.006 -28"><span class='ocrx_word' id='word_1_5' title='bbox 264 780 375 832; x_wconf 90' lang='lat' dir='ltr'><strong>uum</strong></span> <span class='ocrx_word' id='word_1_6' title='bbox 399 753 543 829; x_wconf 90' lang='lat' dir='ltr'><strong>idest</strong></span> <span class='ocrx_word' id='word_1_7' title='bbox 573 753 636 858; x_wconf 91' lang='lat'><strong>-]</strong></span> <span class='ocrx_word' id='word_1_8' title='bbox 663 755 809 831; x_wconf 84' lang='lat' dir='ltr'><strong>barbari</strong></span> <span class='ocrx_word' id='word_1_9' title='bbox 829 767 1032 851; x_wconf 83' lang='lat' dir='ltr'><strong>venantur3</strong></span> <span class='ocrx_word' id='word_1_10' title='bbox 1065 771 1223 859; x_wconf 88' lang='lat' dir='ltr'><strong>occupat</strong></span> <span class='ocrx_word' id='word_1_11' title='bbox 1242 761 1340 837; x_wconf 89' lang='lat' dir='ltr'><strong>illico</strong></span> 
     </span>
     <span class='ocr_line' id='line_1_3' title="bbox 263 891 1341 993; baseline 0.002 -25"><span class='ocrx_word' id='word_1_12' title='bbox 263 894 405 968; x_wconf 81' lang='lat' dir='ltr'><strong>fauces</strong></span> <span class='ocrx_word' id='word_1_13' title='bbox 427 915 555 965; x_wconf 91' lang='lat' dir='ltr'><strong>earum</strong></span> <span class='ocrx_word' id='word_1_14' title='bbox 578 914 714 989; x_wconf 70' lang='lat' dir='ltr'><strong>angor,</strong></span> <span class='ocrx_word' id='word_1_15' title='bbox 735 915 849 990; x_wconf 90' lang='lat' dir='ltr'><strong>quare</strong></span> <span class='ocrx_word' id='word_1_16' title='bbox 868 891 1148 993; x_wconf 79' lang='lat' dir='ltr'><strong>pardalianches</strong></span> <span class='ocrx_word' id='word_1_17' title='bbox 1171 893 1210 968; x_wconf 91' lang='lat' dir='ltr'><strong>id</strong></span> <span class='ocrx_word' id='word_1_18' title='bbox 1233 919 1341 971; x_wconf 86' lang='lat' dir='ltr'><strong>vene-</strong></span> 
     </span>
    </p>
   </div>
   <div class='ocr_carea' id='block_1_3' title="bbox 264 1027 1341 1250">
    <p class='ocr_par' dir='ltr' id='par_1_3' title="bbox 264 1027 1341 1250">
     <span class='ocr_line' id='line_1_4' title="bbox 264 1027 812 1127; baseline -0.009 -22"><span class='ocrx_word' id='word_1_19' title='bbox 264 1055 364 1105; x_wconf 90' lang='lat' dir='ltr'><strong>num</strong></span> <span class='ocrx_word' id='word_1_20' title='bbox 391 1027 625 1127; x_wconf 83' lang='lat' dir='ltr'><strong>appellavere</strong></span> <span class='ocrx_word' id='word_1_21' title='bbox 652 1028 812 1126; x_wconf 88' lang='lat' dir='ltr'><strong>qnidam.</strong></span> 
     </span>
     <span class='ocr_line' id='line_1_5' title="bbox 309 1159 1341 1250; baseline 0.004 -24"><span class='ocrx_word' id='word_1_22' title='bbox 309 1164 427 1229; x_wconf 87' lang='lat' dir='ltr'><strong>Verba</strong></span> <span class='ocrx_word' id='word_1_23' title='bbox 448 1165 545 1228; x_wconf 89' lang='lat' dir='ltr'><strong>uncis</strong></span> <span class='ocrx_word' id='word_1_24' title='bbox 566 1163 699 1228; x_wconf 91' lang='lat' dir='ltr'><strong>inclusa</strong></span> <span class='ocrx_word' id='word_1_25' title='bbox 717 1184 804 1250; x_wconf 89' lang='lat' dir='ltr'><strong>quae</strong></span> <span class='ocrx_word' id='word_1_26' title='bbox 825 1165 997 1230; x_wconf 87' lang='lat' dir='ltr'><strong>aBarbari</strong></span> <span class='ocrx_word' id='word_1_27' title='bbox 1014 1165 1112 1230; x_wconf 86' lang='lat' dir='ltr'>codd.</span> <span class='ocrx_word' id='word_1_28' title='bbox 1130 1159 1263 1243; x_wconf 85' lang='lat' dir='ltr'><strong>absunt,</strong></span> <span class='ocrx_word' id='word_1_29' title='bbox 1284 1186 1341 1230; x_wconf 89' lang='lat' dir='ltr'><strong>ne-</strong></span> 
     </span>
    </p>
   </div>
   <div class='ocr_carea' id='block_1_4' title="bbox 211 1281 1379 1500">
    <p class='ocr_par' dir='ltr' id='par_1_4' title="bbox 211 1281 1379 1500">
     <span class='ocr_line' id='line_1_6' title="bbox 211 1281 1340 1372; baseline 0 -23"><span class='ocrx_word' id='word_1_30' title='bbox 211 1285 293 1349; x_wconf 86' lang='lat' dir='ltr'><strong>scio</strong></span> <span class='ocrx_word' id='word_1_31' title='bbox 319 1305 363 1346; x_wconf 88' lang='lat' dir='ltr'><strong>an</strong></span> <span class='ocrx_word' id='word_1_32' title='bbox 381 1281 541 1346; x_wconf 85' lang='lat' dir='ltr'><strong>Gelenius</strong></span> <span class='ocrx_word' id='word_1_33' title='bbox 564 1283 692 1366; x_wconf 92' lang='lat' dir='ltr'><strong>primus</strong></span> <span class='ocrx_word' id='word_1_34' title='bbox 714 1283 845 1348; x_wconf 81' lang='lat' dir='ltr'><strong>ecodd.</strong></span> <span class='ocrx_word' id='word_1_35' title='bbox 866 1284 938 1348; x_wconf 88' lang='lat' dir='ltr'><strong>suis</strong></span> <span class='ocrx_word' id='word_1_36' title='bbox 952 1284 1127 1368; x_wconf 80' lang='lat' dir='ltr'><strong>receperit.</strong></span> <span class='ocrx_word' id='word_1_37' title='bbox 1156 1283 1227 1370; x_wconf 82' lang='lat' dir='ltr'><strong>Ego</strong></span> <span class='ocrx_word' id='word_1_38' title='bbox 1241 1307 1340 1372; x_wconf 89' lang='lat' dir='ltr'><strong>quum</strong></span> 
     </span>
     <span class='ocr_line' id='line_1_7' title="bbox 211 1397 1379 1500; baseline 0.003 -36"><span class='ocrx_word' id='word_1_39' title='bbox 211 1404 335 1466; x_wconf 89' lang='lat' dir='ltr'><strong>statim</strong></span> <span class='ocrx_word' id='word_1_40' title='bbox 365 1422 531 1465; x_wconf 88' lang='lat' dir='ltr'><strong>venenum</strong></span> <span class='ocrx_word' id='word_1_41' title='bbox 564 1397 768 1483; x_wconf 84' lang='lat' dir='ltr'><strong>appelletur,</strong></span> <span class='ocrx_word' id='word_1_42' title='bbox 805 1419 826 1463; x_wconf 90' lang='lat' dir='ltr'><strong>a</strong></span> <span class='ocrx_word' id='word_1_43' title='bbox 854 1399 992 1464; x_wconf 89' lang='lat' dir='ltr'><strong>librario</strong></span> <span class='ocrx_word' id='word_1_44' title='bbox 1024 1401 1168 1486; x_wconf 88' lang='lat' dir='ltr'><strong>quodam</strong></span> <span class='ocrx_word' id='word_1_45' title='bbox 1200 1403 1340 1486; x_wconf 82' lang='lat' dir='ltr'><strong>margini</strong></span> <span class='ocrx_word' id='word_1_46' title='bbox 1371 1486 1379 1500; x_wconf 22' lang='lat' dir='ltr'>N</span> 
     </span>
    </p>
   </div>
   <div class='ocr_carea' id='block_1_5' title="bbox 211 1517 612 1604">
    <p class='ocr_par' dir='ltr' id='par_1_5' title="bbox 211 1517 612 1604">
     <span class='ocr_line' id='line_1_8' title="bbox 211 1517 612 1604; baseline -0.015 -19"><span class='ocrx_word' id='word_1_47' title='bbox 211 1519 399 1604; x_wconf 86' lang='lat' dir='ltr'><strong>adscripto</strong></span> <span class='ocrx_word' id='word_1_48' title='bbox 419 1517 612 1602; x_wconf 89' lang='lat' dir='ltr'><strong>putaverim.</strong></span> 
     </span>
    </p>
   </div>
   <div class='ocr_carea' id='block_1_6' title="bbox 641 1633 1417 1728">
    <p class='ocr_par' dir='ltr' id='par_1_6' title="bbox 641 1633 1417 1728">
     <span class='ocr_line' id='line_1_9' title="bbox 641 1633 1417 1728; baseline 0.006 -21"><span class='ocrx_word' id='word_1_49' title='bbox 641 1633 844 1728; x_wconf 66' lang='lat'><strong>125235,</strong></span> <span class='ocrx_word' id='word_1_50' title='bbox 860 1635 923 1709; x_wconf 83' lang='lat'><strong>53.</strong></span> <span class='ocrx_word' id='word_1_51' title='bbox 1356 1645 1417 1712; x_wconf 73' lang='lat' dir='ltr'><strong>rso</strong></span> 
     </span>
    </p>
   </div>
   <div class='ocr_carea' id='block_1_7' title="bbox 267 1715 1338 1873">
    <p class='ocr_par' dir='ltr' id='par_1_7' title="bbox 267 1715 1338 1873">
     <span class='ocr_line' id='line_1_10' title="bbox 267 1715 1338 1873; baseline 0.001 -24"><span class='ocrx_word' id='word_1_52' title='bbox 267 1770 479 1873; x_wconf 86' lang='lat' dir='ltr'><strong>Hystrices</strong></span> <span class='ocrx_word' id='word_1_53' title='bbox 499 1780 654 1870; x_wconf 77' lang='lat' dir='ltr'><strong>generat</strong></span> <span class='ocrx_word' id='word_1_54' title='bbox 680 1766 786 1843; x_wconf 90' lang='lat' dir='ltr'><strong>India</strong></span> <span class='ocrx_word' id='word_1_55' title='bbox 810 1778 847 1843; x_wconf 93' lang='lat' dir='ltr'><strong>et</strong></span> <span class='ocrx_word' id='word_1_56' title='bbox 868 1769 998 1845; x_wconf 81' lang='lat' dir='ltr'><strong>Africa</strong></span> <span class='ocrx_word' id='word_1_57' title='bbox 1017 1771 1125 1870; x_wconf 87' lang='lat' dir='ltr'><strong>spina</strong></span> <span class='ocrx_word' id='word_1_58' title='bbox 1149 1715 1338 1850; x_wconf 64' lang='lat' dir='ltr'><strong>contrictos</strong></span> 
     </span>
    </p>
   </div>
   <div class='ocr_carea' id='block_1_8' title="bbox 269 1907 868 2006">
    <p class='ocr_par' dir='ltr' id='par_1_8' title="bbox 269 1907 868 2006">
     <span class='ocr_line' id='line_1_11' title="bbox 269 1907 868 2006; baseline -0.008 -22"><span class='ocrx_word' id='word_1_59' title='bbox 269 1935 324 1984; x_wconf 93' lang='lat' dir='ltr'><strong>ac</strong></span> <span class='ocrx_word' id='word_1_60' title='bbox 353 1907 610 1983; x_wconf 90' lang='lat' dir='ltr'><strong>erinaceorum</strong></span> <span class='ocrx_word' id='word_1_61' title='bbox 634 1929 774 2006; x_wconf 85' lang='lat' dir='ltr'><strong>genere</strong></span> <span class='ocrx_word' id='word_1_62' title='bbox 804 1913 868 1980; x_wconf 88' lang='lat' dir='ltr'><strong>rel.</strong></span> 
     </span>
    </p>
   </div>
   <div class='ocr_carea' id='block_1_9' title="bbox 216 2057 1467 3216">
    <p class='ocr_par' dir='ltr' id='par_1_9' title="bbox 216 2057 1467 3092">
     <span class='ocr_line' id='line_1_12' title="bbox 305 2057 1339 2146; baseline -0.001 -20"><span class='ocrx_word' id='word_1_63' title='bbox 305 2061 558 2144; x_wconf 83' lang='lat' dir='ltr'><strong>Comparantur</strong></span> <span class='ocrx_word' id='word_1_64' title='bbox 580 2057 752 2142; x_wconf 81' lang='lat' dir='ltr'><strong>hystrices</strong></span> <span class='ocrx_word' id='word_1_65' title='bbox 774 2076 851 2121; x_wconf 90' lang='lat' dir='ltr'><strong>cnm</strong></span> <span class='ocrx_word' id='word_1_66' title='bbox 874 2057 1040 2123; x_wconf 85' lang='lat' dir='ltr'><strong>erinaceis</strong></span> <span class='ocrx_word' id='word_1_67' title='bbox 1064 2059 1121 2142; x_wconf 86' lang='lat' dir='ltr'><strong>qui</strong></span> <span class='ocrx_word' id='word_1_68' title='bbox 1142 2061 1171 2146; x_wconf 86' lang='lat'><strong>§.</strong></span> <span class='ocrx_word' id='word_1_69' title='bbox 1187 2060 1257 2124; x_wconf 85' lang='lat'><strong>133.</strong></span> <span class='ocrx_word' id='word_1_70' title='bbox 1280 2061 1339 2126; x_wconf 86' lang='lat' dir='ltr'><strong>de·</strong></span> 
     </span>
     <span class='ocr_line' id='line_1_13' title="bbox 216 2175 1338 2263; baseline -0.003 -16"><span class='ocrx_word' id='word_1_71' title='bbox 216 2184 428 2247; x_wconf 87' lang='lat' dir='ltr'><strong>scribuntur.</strong></span> <span class='ocrx_word' id='word_1_72' title='bbox 477 2178 631 2263; x_wconf 84' lang='lat' dir='ltr'><strong>Apparet</strong></span> <span class='ocrx_word' id='word_1_73' title='bbox 651 2176 752 2261; x_wconf 82' lang='lat' dir='ltr'><strong>igitur</strong></span> <span class='ocrx_word' id='word_1_74' title='bbox 770 2175 969 2261; x_wconf 88' lang='lat' dir='ltr'><strong>particulam</strong></span> <span class='ocrx_word' id='word_1_75' title='bbox 995 2199 1035 2240; x_wconf 84' lang='lat' dir='ltr'><strong>ac</strong></span> <span class='ocrx_word' id='word_1_76' title='bbox 1056 2190 1149 2244; x_wconf 87' lang='lat' dir='ltr'><strong>recte</strong></span> <span class='ocrx_word' id='word_1_77' title='bbox 1171 2199 1191 2241; x_wconf 90' lang='lat' dir='ltr'><strong>a</strong></span> <span class='ocrx_word' id='word_1_78' title='bbox 1213 2177 1338 2263; x_wconf 82' lang='lat' dir='ltr'><strong>Silligio</strong></span> 
     </span>
     <span class='ocr_line' id='line_1_14' title="bbox 220 2297 1337 2384; baseline -0.001 -20"><span class='ocrx_word' id='word_1_79' title='bbox 220 2299 387 2364; x_wconf 84' lang='lat' dir='ltr'><strong>damnari.</strong></span> <span class='ocrx_word' id='word_1_80' title='bbox 405 2297 514 2363; x_wconf 83' lang='lat' dir='ltr'><strong>Codd.</strong></span> <span class='ocrx_word' id='word_1_81' title='bbox 526 2297 581 2362; x_wconf 89' lang='lat' dir='ltr'><strong>Rd</strong></span> <span class='ocrx_word' id='word_1_82' title='bbox 594 2297 721 2361; x_wconf 87' lang='lat' dir='ltr'><strong>habent</strong></span> <span class='ocrx_word' id='word_1_83' title='bbox 741 2298 836 2384; x_wconf 75' lang='lat' dir='ltr'><strong>spina</strong></span> <span class='ocrx_word' id='word_1_84' title='bbox 852 2305 999 2362; x_wconf 84' lang='lat' dir='ltr'><strong>contecto</strong></span> <span class='ocrx_word' id='word_1_85' title='bbox 1020 2319 1060 2362; x_wconf 86' lang='lat' dir='ltr'><strong>oo</strong></span> <span class='ocrx_word' id='word_1_86' title='bbox 1079 2299 1337 2384; x_wconf 75' lang='lat' dir='ltr'><strong>vimaceorum,</strong></span> 
     </span>
     <span class='ocr_line' id='line_1_15' title="bbox 221 2415 1337 2507; baseline 0.003 -25"><span class='ocrx_word' id='word_1_87' title='bbox 221 2417 344 2504; x_wconf 83' lang='lat' dir='ltr'><strong>reliqui</strong></span> <span class='ocrx_word' id='word_1_88' title='bbox 363 2430 399 2480; x_wconf 87' lang='lat' dir='ltr'><strong>ut</strong></span> <span class='ocrx_word' id='word_1_89' title='bbox 417 2416 549 2481; x_wconf 85' lang='lat' dir='ltr'><strong>videtur</strong></span> <span class='ocrx_word' id='word_1_90' title='bbox 573 2434 690 2478; x_wconf 90' lang='lat' dir='ltr'><strong>omnes</strong></span> <span class='ocrx_word' id='word_1_91' title='bbox 712 2422 887 2483; x_wconf 82' lang='lat' dir='ltr'><strong>contectus.</strong></span> <span class='ocrx_word' id='word_1_92' title='bbox 932 2415 974 2479; x_wconf 88' lang='lat' dir='ltr'><strong>Et</strong></span> <span class='ocrx_word' id='word_1_93' title='bbox 995 2417 1242 2484; x_wconf 79' lang='lat' dir='ltr'><strong>virenooeorum</strong></span> <span class='ocrx_word' id='word_1_94' title='bbox 1263 2421 1337 2507; x_wconf 89' lang='lat' dir='ltr'><strong>qni-</strong></span> 
     </span>
     <span class='ocr_line' id='line_1_16' title="bbox 225 2532 1335 2626; baseline 0.003 -25"><span class='ocrx_word' id='word_1_95' title='bbox 225 2538 299 2601; x_wconf 88' lang='lat' dir='ltr'><strong>dem</strong></span> <span class='ocrx_word' id='word_1_96' title='bbox 321 2533 406 2600; x_wconf 87' lang='lat' dir='ltr'><strong>nihil</strong></span> <span class='ocrx_word' id='word_1_97' title='bbox 428 2546 481 2599; x_wconf 88' lang='lat' dir='ltr'><strong>est</strong></span> <span class='ocrx_word' id='word_1_98' title='bbox 501 2554 600 2619; x_wconf 89' lang='lat' dir='ltr'><strong>qoam</strong></span> <span class='ocrx_word' id='word_1_99' title='bbox 625 2532 897 2597; x_wconf 68' lang='lat' dir='ltr'><strong>herinaceos-um:</strong></span> <span class='ocrx_word' id='word_1_100' title='bbox 926 2548 1034 2600; x_wconf 88' lang='lat' dir='ltr'><strong>restat</strong></span> <span class='ocrx_word' id='word_1_101' title='bbox 1059 2538 1158 2621; x_wconf 85' lang='lat' dir='ltr'><strong>igitur</strong></span> <span class='ocrx_word' id='word_1_102' title='bbox 1183 2562 1222 2603; x_wconf 87' lang='lat' dir='ltr'><strong>oc</strong></span> <span class='ocrx_word' id='word_1_103' title='bbox 1247 2543 1335 2626; x_wconf 92' lang='lat' dir='ltr'><strong>quod</strong></span> 
     </span>
     <span class='ocr_line' id='line_1_17' title="bbox 222 2653 1336 2737; baseline 0 -17"><span class='ocrx_word' id='word_1_104' title='bbox 222 2655 323 2722; x_wconf 73' lang='lat' dir='ltr'><strong>facile</strong></span> <span class='ocrx_word' id='word_1_105' title='bbox 342 2656 538 2720; x_wconf 90' lang='lat' dir='ltr'><strong>emendatur</strong></span> <span class='ocrx_word' id='word_1_106' title='bbox 555 2662 602 2720; x_wconf 79' lang='lat' dir='ltr'><strong>ut.</strong></span> <span class='ocrx_word' id='word_1_107' title='bbox 639 2654 725 2716; x_wconf 90' lang='lat' dir='ltr'><strong>Nam</strong></span> <span class='ocrx_word' id='word_1_108' title='bbox 740 2653 805 2718; x_wconf 90' lang='lat' dir='ltr'><strong>has</strong></span> <span class='ocrx_word' id='word_1_109' title='bbox 825 2654 1010 2737; x_wconf 88' lang='lat' dir='ltr'><strong>particulas</strong></span> <span class='ocrx_word' id='word_1_110' title='bbox 1032 2655 1214 2721; x_wconf 87' lang='lat' dir='ltr'><strong>simillimas</strong></span> <span class='ocrx_word' id='word_1_111' title='bbox 1235 2658 1336 2721; x_wconf 87' lang='lat' dir='ltr'><strong>inter·</strong></span> 
     </span>
     <span class='ocr_line' id='line_1_18' title="bbox 223 2771 1335 2861; baseline 0 -23"><span class='ocrx_word' id='word_1_112' title='bbox 223 2777 299 2842; x_wconf 89' lang='lat' dir='ltr'><strong>dum</strong></span> <span class='ocrx_word' id='word_1_113' title='bbox 321 2777 360 2840; x_wconf 89' lang='lat' dir='ltr'><strong>in</strong></span> <span class='ocrx_word' id='word_1_114' title='bbox 383 2775 480 2840; x_wconf 87' lang='lat' dir='ltr'><strong>oodd.</strong></span> <span class='ocrx_word' id='word_1_115' title='bbox 501 2773 587 2838; x_wconf 88' lang='lat' dir='ltr'><strong>Mss.</strong></span> <span class='ocrx_word' id='word_1_116' title='bbox 607 2771 764 2837; x_wconf 85' lang='lat' dir='ltr'><strong>confundi</strong></span> <span class='ocrx_word' id='word_1_117' title='bbox 783 2785 900 2837; x_wconf 87' lang='lat' dir='ltr'><strong>notum</strong></span> <span class='ocrx_word' id='word_1_118' title='bbox 923 2785 992 2851; x_wconf 90' lang='lat' dir='ltr'><strong>est,</strong></span> <span class='ocrx_word' id='word_1_119' title='bbox 1016 2774 1069 2837; x_wconf 87' lang='lat' dir='ltr'><strong>vel</strong></span> <span class='ocrx_word' id='word_1_120' title='bbox 1090 2788 1126 2838; x_wconf 93' lang='lat' dir='ltr'><strong>ut</strong></span> <span class='ocrx_word' id='word_1_121' title='bbox 1145 2775 1259 2861; x_wconf 65' lang='lat'>§.136</span> <span class='ocrx_word' id='word_1_122' title='bbox 1282 2777 1335 2839; x_wconf 92' lang='lat' dir='ltr'><strong>ed.</strong></span> 
     </span>
     <span class='ocr_line' id='line_1_19' title="bbox 221 2889 1467 2977; baseline -0.002 -17"><span class='ocrx_word' id='word_1_123' title='bbox 221 2895 342 2962; x_wconf 80' lang='lat' dir='ltr'><strong>Doleo.</strong></span> <span class='ocrx_word' id='word_1_124' title='bbox 366 2892 538 2961; x_wconf 80' lang='lat' dir='ltr'><strong>achabet.</strong></span> <span class='ocrx_word' id='word_1_125' title='bbox 585 2891 838 2976; x_wconf 87' lang='lat' dir='ltr'><strong>Praepositione</strong></span> <span class='ocrx_word' id='word_1_126' title='bbox 859 2892 940 2973; x_wconf 92' lang='lat' dir='ltr'><strong>,‚in“</strong></span> <span class='ocrx_word' id='word_1_127' title='bbox 964 2892 1063 2974; x_wconf 85' lang='lat' dir='ltr'><strong>igitur</strong></span> <span class='ocrx_word' id='word_1_128' title='bbox 1088 2912 1131 2956; x_wconf 86' lang='lat' dir='ltr'><strong>ex</strong></span> <span class='ocrx_word' id='word_1_129' title='bbox 1154 2903 1338 2977; x_wconf 84' lang='lat' dir='ltr'><strong>argenteae</strong></span> <span class='ocrx_word' id='word_1_130' title='bbox 1458 2889 1467 2894; x_wconf 69' lang='grc'><strong>’</strong></span> 
     </span>
     <span class='ocr_line' id='line_1_20' title="bbox 223 3007 1217 3092; baseline -0.006 -11"><span class='ocrx_word' id='word_1_131' title='bbox 223 3016 349 3081; x_wconf 80' lang='lat' dir='ltr'><strong>aetatis</strong></span> <span class='ocrx_word' id='word_1_132' title='bbox 370 3011 503 3076; x_wconf 88' lang='lat' dir='ltr'><strong>licentia</strong></span> <span class='ocrx_word' id='word_1_133' title='bbox 526 3010 695 3092; x_wconf 67' lang='lat' dir='ltr'><strong>omissat)</strong></span> <span class='ocrx_word' id='word_1_134' title='bbox 718 3007 902 3092; x_wconf 86' lang='lat' dir='ltr'><strong>scripsisse</strong></span> <span class='ocrx_word' id='word_1_135' title='bbox 923 3008 1054 3073; x_wconf 88' lang='lat' dir='ltr'><strong>videtur</strong></span> <span class='ocrx_word' id='word_1_136' title='bbox 1076 3007 1217 3075; x_wconf 86' lang='lat' dir='ltr'><strong>Plinius:</strong></span> 
     </span>
    </p>

    <p class='ocr_par' dir='ltr' id='par_1_10' title="bbox 398 3123 1160 3216">
     <span class='ocr_line' id='line_1_21' title="bbox 398 3123 1160 3216; baseline 0.001 -24"><span class='ocrx_word' id='word_1_137' title='bbox 398 3129 494 3214; x_wconf 80' lang='lat' dir='ltr'><strong>apina</strong></span> <span class='ocrx_word' id='word_1_138' title='bbox 515 3135 679 3192; x_wconf 70' lang='lat' dir='ltr'><strong>contectas</strong></span> <span class='ocrx_word' id='word_1_139' title='bbox 700 3134 744 3189; x_wconf 80' lang='lat' dir='ltr'><strong>ut</strong></span> <span class='ocrx_word' id='word_1_140' title='bbox 763 3123 1015 3188; x_wconf 65' lang='lat' dir='ltr'><strong>hemauceorttm</strong></span> <span class='ocrx_word' id='word_1_141' title='bbox 1032 3149 1160 3216; x_wconf 73' lang='lat' dir='ltr'><strong>ponere.</strong></span> 
     </span>
    </p>
   </div>
   <div class='ocr_carea' id='block_1_10' title="bbox 272 3260 1417 3497">
    <p class='ocr_par' dir='ltr' id='par_1_11' title="bbox 272 3260 1417 3497">
     <span class='ocr_line' id='line_1_22' title="bbox 640 3260 1417 3354; baseline 0.014 -19"><span class='ocrx_word' id='word_1_142' title='bbox 640 3260 845 3354; x_wconf 66' lang='lat' dir='ltr'><strong>129=3tt</strong></span> <span class='ocrx_word' id='word_1_143' title='bbox 862 3260 924 3335; x_wconf 83' lang='lat'><strong>54.</strong></span> <span class='ocrx_word' id='word_1_144' title='bbox 1356 3279 1417 3346; x_wconf 86' lang='lat'><strong>183</strong></span> 
     </span>
     <span class='ocr_line' id='line_1_23' title="bbox 272 3396 1339 3497; baseline 0.002 -22"><span class='ocrx_word' id='word_1_145' title='bbox 272 3400 472 3476; x_wconf 84' lang='lat' dir='ltr'><strong>Exeuntcs</strong></span> <span class='ocrx_word' id='word_1_146' title='bbox 503 3398 639 3497; x_wconf 76' lang='lat' dir='ltr'><strong>(orsi)</strong></span> <span class='ocrx_word' id='word_1_147' title='bbox 672 3396 824 3470; x_wconf 87' lang='lat' dir='ltr'><strong>herbam</strong></span> <span class='ocrx_word' id='word_1_148' title='bbox 859 3398 1039 3494; x_wconf 91' lang='lat' dir='ltr'><strong>quandam</strong></span> <span class='ocrx_word' id='word_1_149' title='bbox 1073 3444 1125 3456; x_wconf 93' lang='lat'>—</span> <span class='ocrx_word' id='word_1_150' title='bbox 1161 3402 1339 3477; x_wconf 87' lang='lat' dir='ltr'><strong>devorant</strong></span> 
     </span>
    </p>
   </div>
   <div class='ocr_carea' id='block_1_11' title="bbox 273 3531 1260 3635">
    <p class='ocr_par' dir='ltr' id='par_1_12' title="bbox 273 3531 1260 3635">
     <span class='ocr_line' id='line_1_24' title="bbox 273 3531 1260 3635; baseline 0 -23"><span class='ocrx_word' id='word_1_151' title='bbox 273 3539 449 3635; x_wconf 90' lang='lat' dir='ltr'><strong>circaque</strong></span> <span class='ocrx_word' id='word_1_152' title='bbox 476 3535 647 3609; x_wconf 88' lang='lat' dir='ltr'><strong>surculos</strong></span> <span class='ocrx_word' id='word_1_153' title='bbox 670 3531 832 3610; x_wconf 89' lang='lat' dir='ltr'><strong>dentium</strong></span> <span class='ocrx_word' id='word_1_154' title='bbox 859 3536 1143 3633; x_wconf 89' lang='lat' dir='ltr'><strong>praedomantes</strong></span> <span class='ocrx_word' id='word_1_155' title='bbox 1165 3565 1260 3614; x_wconf 89' lang='lat' dir='ltr'><strong>ora.</strong></span> 
     </span>
    </p>
   </div>
   <div class='ocr_carea' id='block_1_12' title="bbox 215 3671 1340 4349">
    <p class='ocr_par' dir='ltr' id='par_1_13' title="bbox 215 3671 1340 4349">
     <span class='ocr_line' id='line_1_25' title="bbox 307 3671 1339 3754; baseline 0.004 -19"><span class='ocrx_word' id='word_1_156' title='bbox 307 3672 440 3736; x_wconf 89' lang='lat' dir='ltr'><strong>Locum</strong></span> <span class='ocrx_word' id='word_1_157' title='bbox 464 3680 658 3754; x_wconf 90' lang='lat' dir='ltr'><strong>corruptum</strong></span> <span class='ocrx_word' id='word_1_158' title='bbox 681 3682 714 3733; x_wconf 92' lang='lat' dir='ltr'><strong>ct</strong></span> <span class='ocrx_word' id='word_1_159' title='bbox 736 3671 882 3733; x_wconf 91' lang='lat' dir='ltr'><strong>nondum</strong></span> <span class='ocrx_word' id='word_1_160' title='bbox 905 3684 1057 3737; x_wconf 89' lang='lat' dir='ltr'><strong>sanatum</strong></span> <span class='ocrx_word' id='word_1_161' title='bbox 1080 3694 1158 3738; x_wconf 91' lang='lat' dir='ltr'><strong>esse</strong></span> <span class='ocrx_word' id='word_1_162' title='bbox 1176 3687 1271 3739; x_wconf 89' lang='lat' dir='ltr'><strong>recte</strong></span> <span class='ocrx_word' id='word_1_163' title='bbox 1290 3675 1339 3739; x_wconf 92' lang='lat' dir='ltr'><strong>iu-</strong></span> 
     </span>
     <span class='ocr_line' id='line_1_26' title="bbox 230 3783 1340 3874; baseline 0.001 -22"><span class='ocrx_word' id='word_1_164' title='bbox 230 3791 351 3857; x_wconf 86' lang='lat' dir='ltr'><strong>dicavit</strong></span> <span class='ocrx_word' id='word_1_165' title='bbox 381 3789 544 3874; x_wconf 62' lang='lat' dir='ltr'><strong>sinigas,</strong></span> <span class='ocrx_word' id='word_1_166' title='bbox 574 3806 727 3872; x_wconf 82' lang='lat' dir='ltr'><strong>magnam</strong></span> <span class='ocrx_word' id='word_1_167' title='bbox 756 3783 980 3869; x_wconf 86' lang='lat' dir='ltr'><strong>corruptelam</strong></span> <span class='ocrx_word' id='word_1_168' title='bbox 1008 3788 1122 3852; x_wconf 87' lang='lat' dir='ltr'><strong>inesse</strong></span> <span class='ocrx_word' id='word_1_169' title='bbox 1151 3801 1255 3854; x_wconf 88' lang='lat' dir='ltr'><strong>ratus.</strong></span> <span class='ocrx_word' id='word_1_170' title='bbox 1298 3790 1340 3853; x_wconf 86' lang='lat' dir='ltr'><strong>Et</strong></span> 
     </span>
     <span class='ocr_line' id='line_1_27' title="bbox 232 3900 1340 3995; baseline -0.002 -23"><span class='ocrx_word' id='word_1_171' title='bbox 232 3909 422 3977; x_wconf 81' lang='lat' dir='ltr'><strong>Aristotelis</strong></span> <span class='ocrx_word' id='word_1_172' title='bbox 451 3909 583 3995; x_wconf 86' lang='lat' dir='ltr'><strong>quidem</strong></span> <span class='ocrx_word' id='word_1_173' title='bbox 607 3903 716 3971; x_wconf 90' lang='lat' dir='ltr'><strong>locum</strong></span> <span class='ocrx_word' id='word_1_174' title='bbox 744 3904 827 3967; x_wconf 85' lang='lat' dir='ltr'><strong>Hist.</strong></span> <span class='ocrx_word' id='word_1_175' title='bbox 854 3903 953 3966; x_wconf 88' lang='lat' dir='ltr'><strong>anim.</strong></span> <span class='ocrx_word' id='word_1_176' title='bbox 974 3903 1032 3971; x_wconf 90' lang='lat' dir='ltr'><strong>lX.</strong></span> <span class='ocrx_word' id='word_1_177' title='bbox 1052 3903 1082 3969; x_wconf 88' lang='grc'><strong>6.</strong></span> <span class='ocrx_word' id='word_1_178' title='bbox 1110 3900 1168 3967; x_wconf 79' lang='grc' dir='ltr'><strong>καὶ</strong></span> <span class='ocrx_word' id='word_1_179' title='bbox 1192 3904 1233 3968; x_wconf 70' lang='grc' dir='ltr'><strong>τά</strong></span> <span class='ocrx_word' id='word_1_180' title='bbox 1258 3905 1340 3987; x_wconf 71' lang='grc' dir='ltr'><strong>ξύλα</strong></span> 
     </span>
     <span class='ocr_line' id='line_1_28' title="bbox 215 4021 1338 4115; baseline 0.001 -24"><span class='ocrx_word' id='word_1_181' title='bbox 215 4031 453 4115; x_wconf 61' lang='lat' dir='ltr'><strong>-orapaodvrat</strong></span> <span class='ocrx_word' id='word_1_182' title='bbox 474 4022 578 4111; x_wconf 69' lang='lat' dir='ltr'><strong>clicaeo</strong></span> <span class='ocrx_word' id='word_1_183' title='bbox 600 4023 858 4107; x_wconf 74' lang='lat' dir='ltr'><strong>ddooropvot&#39;ioac</strong></span> <span class='ocrx_word' id='word_1_184' title='bbox 886 4022 917 4088; x_wconf 86' lang='lat' dir='ltr'><strong>si</strong></span> <span class='ocrx_word' id='word_1_185' title='bbox 944 4023 988 4087; x_wconf 86' lang='lat' dir='ltr'><strong>ad</strong></span> <span class='ocrx_word' id='word_1_186' title='bbox 1014 4023 1152 4086; x_wconf 85' lang='lat' dir='ltr'><strong>verbum</strong></span> <span class='ocrx_word' id='word_1_187' title='bbox 1181 4042 1202 4085; x_wconf 89' lang='lat' dir='ltr'><strong>a</strong></span> <span class='ocrx_word' id='word_1_188' title='bbox 1233 4021 1338 4092; x_wconf 86' lang='lat' dir='ltr'><strong>Plinio</strong></span> 
     </span>
     <span class='ocr_line' id='line_1_29' title="bbox 233 4142 1339 4232; baseline -0.001 -23"><span class='ocrx_word' id='word_1_189' title='bbox 233 4166 429 4232; x_wconf 84' lang='lat' dir='ltr'><strong>expressum</strong></span> <span class='ocrx_word' id='word_1_190' title='bbox 455 4167 535 4212; x_wconf 89' lang='lat' dir='ltr'><strong>osse</strong></span> <span class='ocrx_word' id='word_1_191' title='bbox 560 4155 710 4222; x_wconf 88' lang='lat' dir='ltr'><strong>statuas,</strong></span> <span class='ocrx_word' id='word_1_192' title='bbox 739 4142 936 4208; x_wconf 88' lang='lat' dir='ltr'><strong>necessario</strong></span> <span class='ocrx_word' id='word_1_193' title='bbox 961 4162 1029 4206; x_wconf 93' lang='lat' dir='ltr'><strong>non</strong></span> <span class='ocrx_word' id='word_1_194' title='bbox 1052 4142 1339 4228; x_wconf 68' lang='lat' dir='ltr'><strong>praemandatum,</strong></span> 
     </span>
     <span class='ocr_line' id='line_1_30' title="bbox 233 4260 1340 4349; baseline 0.001 -20"><span class='ocrx_word' id='word_1_195' title='bbox 233 4267 324 4332; x_wconf 88' lang='lat' dir='ltr'><strong>sicuti</strong></span> <span class='ocrx_word' id='word_1_196' title='bbox 336 4268 508 4331; x_wconf 87' lang='lat' dir='ltr'><strong>Pintianns</strong></span> <span class='ocrx_word' id='word_1_197' title='bbox 525 4262 671 4342; x_wconf 82' lang='lat' dir='ltr'><strong>volebat,</strong></span> <span class='ocrx_word' id='word_1_198' title='bbox 689 4263 752 4328; x_wconf 88' lang='lat' dir='ltr'><strong>sed</strong></span> <span class='ocrx_word' id='word_1_199' title='bbox 770 4260 1023 4348; x_wconf 76' lang='lat' dir='ltr'><strong>pennondcutes</strong></span> <span class='ocrx_word' id='word_1_200' title='bbox 1035 4263 1248 4328; x_wconf 89' lang='lat' dir='ltr'><strong>scribendum</strong></span> <span class='ocrx_word' id='word_1_201' title='bbox 1267 4267 1340 4349; x_wconf 91' lang='lat' dir='ltr'><strong>erit,</strong></span> 
     </span>
    </p>
   </div>
   <div class='ocr_carea' id='block_1_13' title="bbox 234 4429 1341 4590">
    <p class='ocr_par' dir='ltr' id='par_1_14' title="bbox 234 4429 1341 4590">
     <span class='ocr_line' id='line_1_31' title="bbox 295 4429 1341 4506; baseline -0.007 -17"><span class='ocrx_word' id='word_1_202' title='bbox 295 4440 329 4506; x_wconf 68' lang='lat'><strong>⁶)</strong></span> <span class='ocrx_word' id='word_1_203' title='bbox 365 4439 407 4488; x_wconf 82' lang='lat' dir='ltr'><strong>llo</strong></span> <span class='ocrx_word' id='word_1_204' title='bbox 424 4434 543 4490; x_wconf 79' lang='lat' dir='ltr'><strong>ablativi</strong></span> <span class='ocrx_word' id='word_1_205' title='bbox 564 4433 638 4500; x_wconf 84' lang='lat' dir='ltr'><strong>apud</strong></span> <span class='ocrx_word' id='word_1_206' title='bbox 656 4431 778 4482; x_wconf 80' lang='lat' dir='ltr'><strong>Plinium</strong></span> <span class='ocrx_word' id='word_1_207' title='bbox 797 4447 850 4480; x_wconf 82' lang='lat' dir='ltr'><strong>usn</strong></span> <span class='ocrx_word' id='word_1_208' title='bbox 876 4429 1027 4500; x_wconf 75' lang='lat' dir='ltr'><strong>diligenter</strong></span> <span class='ocrx_word' id='word_1_209' title='bbox 1051 4431 1111 4500; x_wconf 78' lang='lat' dir='ltr'><strong>egit</strong></span> <span class='ocrx_word' id='word_1_210' title='bbox 1130 4433 1341 4494; x_wconf 76' lang='lat' dir='ltr'><strong>Wanaowslins</strong></span> 
     </span>
     <span class='ocr_line' id='line_1_32' title="bbox 234 4515 1341 4590; baseline -0.008 -16"><span class='ocrx_word' id='word_1_211' title='bbox 234 4519 414 4576; x_wconf 80' lang='lat' dir='ltr'><strong>iul‘liuianis</strong></span> <span class='ocrx_word' id='word_1_212' title='bbox 439 4525 513 4590; x_wconf 56' lang='grc' dir='ltr'><strong>μ’(</strong></span> <span class='ocrx_word' id='word_1_213' title='bbox 533 4536 592 4586; x_wconf 82' lang='lat' dir='ltr'><strong>sqq.</strong></span> <span class='ocrx_word' id='word_1_214' title='bbox 617 4517 757 4587; x_wconf 76' lang='lat' dir='ltr'><strong>gymnasii</strong></span> <span class='ocrx_word' id='word_1_215' title='bbox 783 4515 978 4568; x_wconf 78' lang='lat' dir='ltr'><strong>Poenanicneis</strong></span> <span class='ocrx_word' id='word_1_216' title='bbox 1005 4519 1207 4585; x_wconf 85' lang='lat' dir='ltr'><strong>programmati</strong></span> <span class='ocrx_word' id='word_1_217' title='bbox 1230 4534 1254 4569; x_wconf 86' lang='lat' dir='ltr'><strong>a.</strong></span> <span class='ocrx_word' id='word_1_218' title='bbox 1278 4520 1341 4568; x_wconf 77' lang='grc'><strong>1841</strong></span> 
     </span>
    </p>
   </div>
   <div class='ocr_carea' id='block_1_14' title="bbox 235 4607 1134 4728">
    <p class='ocr_par' dir='ltr' id='par_1_15' title="bbox 235 4607 1134 4728">
     <span class='ocr_line' id='line_1_33' title="bbox 235 4607 1134 4728; baseline -0.003 -67"><span class='ocrx_word' id='word_1_219' title='bbox 235 4607 402 4671; x_wconf 76' lang='lat' dir='ltr'><strong>praemissio.</strong></span> <span class='ocrx_word' id='word_1_220' title='bbox 1092 4666 1134 4728; x_wconf 68' lang='lat'><strong>¹⁰</strong></span> 
     </span>
    </p>
   </div>
   <div class='ocr_carea' id='block_1_15' title="bbox 0 0 1799 5559">
    <p class='ocr_par' dir='ltr' id='par_1_16' title="bbox 0 0 1799 5559">
     <span class='ocr_line' id='line_1_34' title="bbox 0 0 1799 5559; baseline 0 0"><span class='ocrx_word' id='word_1_221' title='bbox 0 0 1799 5559; x_wconf 95' lang='lat' dir='ltr'><strong> </strong></span> 
     </span>
    </p>
   </div>
  </div>
 </body>
</html>
