3567 5559
549 719 552 722 ’
656 757 746 821 raa
760 761 888 822 Χνηι.
1280 762 1320 831 61

210 950 324 1014 maluit
338 956 471 1028 ansulis
497 957 657 1034 monades,
695 957 821 1016 denario
849 958 894 1016 ire
921 961 1028 1019 autem
1056 958 1147 1041 quasi
1174 960 1334 1045 suppleta.

210 1088 238 1130 v.
266 1066 400 1152 ,digito‘
425 1068 510 1132 idem
543 1069 629 1159 qnod
652 1048 830 1147 ‘comparare'
856 1090 929 1134 esse
957 1078 1050 1156 putat
1083 1074 1170 1158 quod
1198 1075 1322 1140 idoneis
1452 1145 1455 1150 ,

210 1183 371 1268 exemplis
393 1184 522 1269 probari
543 1186 667 1250 vellem.
710 1188 842 1251 Interim
870 1187 952 1252 haee
980 1189 1079 1254 verba
1106 1192 1152 1256 ita
1180 1192 1322 1257 dividere

211 1307 358 1384 praestat
396 1307 432 1364 ut
463 1301 594 1365 ultimae
621 1303 735 1385 prioris
764 1303 890 1368 litterae
920 1305 962 1369 ad
989 1309 1124 1372 alterum
1145 1308 1324 1373 referantur

212 1417 412 1503 expletaque
432 1418 549 1482 lacuna
570 1420 743 1485 scribatur:

251 1539 361 1599 dicbm
384 1541 517 1600 terdenis
538 1541 646 1600 redire.

214 1651 475 1738 Contra§.195
506 1653 651 1718 codicum
672 1656 829 1740 scriptura
850 1669 879 1719 et
900 1663 931 1721 ia
959 1681 1019 1722 uae
1049 1667 1175 1726 amisium
1201 1656 1323 1740 definita

213 1778 369 1847 amatio
407 1785 452 1836 ert
480 1773 630 1857 vulgatae
659 1785 687 1836 et
708 1809 750 1818 -
770 1790 880 1852 penae
913 1783 994 1840 ratio
1027 1789 1070 1840 est
1102 1776 1190 1842 baud
1228 1779 1323 1843 dubie

215 1887 430 1969 praeferende
450 1897 509 1972 cst,
531 1891 648 1976 quippe
671 1910 754 1976 quae
769 1890 982 1976 Theophrasti
1004 1893 1102 1957 verba
1119 1894 1207 1959 VIII.
1232 1899 1280 1962 11.
1304 1900 1323 1962 5

214 2009 281 2084 βίος
301 2008 368 2094 γάρ
404 2003 495 2073 ἔστιν
519 2002 673 2084 ἑκάστοις
707 2003 892 2091 ὡρισμένος
923 2009 1007 2096 πρὸς
1042 2010 1142 2094 γονήν
1175 2018 1323 2081 accurate

219 2123 383 2206 exprimat.
427 2123 511 2188 Num
533 2103 641 2187 tamen
670 2124 798 2188 omnino
827 2125 953 2189 sincera
974 2125 1033 2206 sit,
1070 2124 1180 2219 dubito
1211 2135 1243 2202 et
1262 2150 1322 2192 urso
1352 2099 1362 2118 Ι
1420 2163 1425 2170 ·

218 2216 342 2304 sariam
361 2242 398 2305 in
419 2248 587 2306 artemam
608 2249 734 2306 omnium
755 2242 873 2306 mutari
893 2242 999 2307 velim.

582 2433 665 2507 213.
695 2433 750 2505 14.
780 2379 962 2520 arasa.
1342 2497 1405 2566 3„

266 2621 307 2632 ·—
344 2603 524 2657 occasum
566 2579 781 2656 matutinum
820 2579 1056 2679 vergiliarum
1096 2627 1142 2642 -
1182 2586 1323 2662 Anaxi·
1429 2606 1431 2615 ’

265 2711 419 2788 mander
444 2711 627 2812 vigesimo
660 2704 759 2790 nono
799 2712 880 2806 (dle
914 2714 960 2790 ab
988 2716 1223 2813 aequisocbo
1250 2725 1345 2826 tra·v

266 2832 356 2920 didit
383 2844 491 2938 fieri),
516 2841 723 2923 Euctemon
749 2843 914 2922 XLVIII.
1010 2867 1014 2872 ’

291 2980 331 3040 Χ.
353 2982 429 3044 ΧΧ.
453 2998 482 3060 a,
505 2982 631 3042 XXXn
652 2977 751 3042 schol.
774 2979 937 3061 German,
959 2979 1012 3064 qui
1034 3000 1106 3044 oum
1128 2981 1247 3064 optimo
1270 2951 1321 3044 ooss

227 3086 288 3153 dice
310 3095 351 3171 (si
372 3101 482 3159 tamen
503 3096 547 3159 in=
557 3095 637 3158 libro
659 3095 802 3178 plurimis
822 3097 907 3162 vitiis
929 3097 1144 3162 contaminato
1168 3096 1207 3160 ‹le
1229 3097 1321 3161 bonis

227 3208 380 3276 codicibus
410 3215 499 3298 loqui
519 3214 612 3293 lieet)
642 3212 730 3275 nulla
760 3212 828 3277 fere
855 3214 1105 3300 transpositione
1132 3214 1218 3280 faeta
1247 3237 1321 3282 oon·

228 3328 329 3393 sentit:
371 3332 484 3415 itaque
517 3351 667 3396 numerus
689 3337 806 3395 XXXI
842 3332 973 3416 vulgata
993 3323 1133 3396 lectione
1168 3339 1320 3418 praestat.

228 3437 412 3529 Ultimorum
438 3448 607 3513 verborum
633 3449 782 3513 lacunam
808 3449 992 3513 Boeckhius
1024 3450 1058 3512 in
1089 3448 1169 3515 libro
1206 3451 1321 3518 doctis·

230 3559 297 3625 timo
320 3587 384 3649 quo
407 3566 448 3631 de
468 3567 618 3631 universo
640 3567 700 3632 hoo
733 3587 852 3652 genere
874 3568 941 3654 egit
967 3567 1064 3644 (iiber
1086 3566 1137 3632 die
1158 3569 1321 3653 vierjbbri-
1358 3553 1361 3563 ’

230 3685 283 3757 gen
309 3682 547 3750 bonnenkreise
586 3684 643 3749 der
668 3686 783 3765 Alten)
828 3707 858 3770 p.
886 3685 927 3752 86
961 3692 1048 3750 recte
1086 3687 1132 3749 sic
1165 3686 1320 3770 explevit:

232 3797 380 3867 Euctemon
401 3808 529 3884 XLIV,
557 3808 705 3866 Eudoxus
726 3807 875 3867 XLVIII.
899 3803 928 3888 ἕ.
951 3803 1013 3870 220
1041 3822 1112 3865 cum
1144 3800 1234 3866 codd.
1258 3804 1319 3866 ad

232 3924 305 3976 nocte
329 3918 485 4002 habeant,
523 3920 718 4004 singularem
740 3915 856 3984 noctem
884 3920 1031 4006 praefero
1054 3919 1195 4002 itemque
1223 3920 1318 4003 paulo

233 4039 295 4093 ante
315 4043 448 4102 accubuo
468 4039 502 4102 iu
523 4045 604 4102 nocti
625 4037 813 4102 mutandum
836 4059 909 4102 esse
932 4038 1085 4122 arbitror,
1109 4037 1318 4122 depravatum

234 4147 338 4216 silicet
357 4156 525 4240 pluralium
546 4155 718 4220 vicinitate.
830 4185 838 4203 ·

624 4312 906 4398 231=2o,62.
1340 4333 1401 4408 365
1464 4345 1473 4358 ,

275 4431 495 4521 Democritus
520 4439 632 4516 talem
654 4440 812 4516 futuram
826 4439 986 4517 hiemem
1002 4441 1205 4531 arbitratur,
1231 4463 1319 4538 qua·

276 4562 315 4644 lis
336 4574 443 4692 fuerit
458 4574 607 4650 brumae
632 4573 713 4648 dies
735 4617 765 4626 --
797 4618 827 4627 -
850 4573 938 4648 item
956 4574 1114 4651 solstitio
1127 4579 1316 4649 aestatem.

271 4693 396 4771 Verbum
404 4711 478 4792 post
488 4717 631 4770 aestatem
641 4712 720 4789 puto
730 4702 904 4787 excidisse,
927 4710 1080 4806 declarari
1102 4705 1153 4768 vel
1175 4707 1317 4772 indicari.
