3567 5559
665 568 768 634 Liber
789 567 900 637 ΠΗ.
1292 578 1354 644 147

323 753 442 817 Verba
467 764 504 819 ut
531 752 630 841 vulgo
658 750 814 841 leguntur
842 757 1008 842 explicari
1034 779 1100 823 non
1127 781 1230 844 posse
1260 773 1355 829 recte

213 870 388 955 Silligius
412 872 647 937 animadvertit
659 879 701 938 'et
722 872 875 939 lacunam
899 873 976 940 loco
998 877 1112 942 inesse
1128 889 1235 962 putat,
1258 900 1355 966 quam

214 989 348 1054 deleto
377 989 547 1056 vocabulo
571 990 607 1055 id
631 1011 653 1055 a
681 991 781 1061 codd.
806 991 862 1056 Rd
888 1012 973 1058 sane
1001 991 1109 1059 alieno
1143 996 1189 1060 ita
1217 996 1356 1082 explere

215 1120 398 1175 conatur:
426 1119 553 1206 „atque
575 1109 613 1174 ob
635 1111 745 1175 sucini
763 1109 1011 1176 similitudinem
1040 1110 1117 1175 ltuic
1139 1124 1356 1200 comparatus,

214 1230 354 1292 meino
375 1230 470 1294 rel.“.
493 1231 537 1293 At
550 1250 635 1293 vero
658 1231 770 1314 inepte
789 1231 941 1295 sucinum
961 1232 1011 1309 bis
1034 1232 1153 1296 eodem
1175 1233 1354 1299 verborum

217 1361 358 1414 tenore
389 1350 572 1427 nominari,
607 1349 712 1415 semel
744 1370 831 1414 voce
862 1349 942 1412 bulo
972 1350 1115 1416 indicari
1143 1351 1357 1418 manifestum

217 1479 297 1536 est.
345 1467 467 1553 Neque
490 1470 580 1553 quod
602 1467 838 1554 Dalecampius
860 1469 1020 1534 coniecit:
1042 1470 1356 1559 „sucinum-prodi·

218 1591 331 1648 tum“
352 1583 436 1650 i'errl
457 1585 524 1650 ullo
546 1587 645 1651 modo
665 1597 794 1671 potest,
817 1607 893 1650 nam
914 1607 980 1651 non
1003 1599 1184 1672 propterea
1202 1589 1354 1656 sucinum
1463 1575 1469 1598 '

218 1706 272 1768 ita
301 1705 466 1790 generari
489 1705 708 1790 prodebatur,
736 1689 890 1792 quoniam
910 1693 1097 1792 lyncuriuni
1121 1729 1162 1773 eo
1184 1711 1283 1776 modo
1307 1713 1356 1798 gi·

219 1825 416 1909 gnebatur.
465 1822 548 1886 Levi
570 1824 834 1907 transpositione
856 1825 1029 1890 sanandus
1051 1835 1105 1889 est
1124 1815 1230 1892 locus.
1280 1828 1356 1893 Hoc

220 1941 314 2004 dicit
328 1939 467 2019 Plinius,
489 1940 566 2026 quia
582 1961 603 2004 e
615 1940 750 2025 lyncum
765 1940 862 2004 urina
874 1961 1028 2024 gemmae
1042 1942 1202 2023 oriantur,
1218 1965 1239 2008 a
1250 1945 1355 2011 verbo

222 2058 342 2143 οὐρεῖν
365 2058 565 2144 λυγγοῦριον
588 2057 765 2142 appellari,
779 2056 821 2122 cf.
835 2057 1355 2144 XXXV11034.et'l¹—heophrasl.

224 2175 282 2240 De
294 2175 401 2260 lapid.
418 2174 470 2259 28,
493 2172 626 2262 Fragm.
643 2174 693 2239 15.
711 2197 742 2260 p.
754 2173 827 2240 835.
849 2176 899 2239 ed.
911 2175 1119 2255 Schneider,
1139 2176 1356 2245 Dioscorides

224 2296 285 2360 De
307 2305 391 2360 mat.
419 2295 506 2358 med.
529 2296 565 2358 ll.
583 2294 636 2359 90.
678 2294 900 2359 Scribendum
929 2305 982 2360 est
1004 2296 1123 2379 igitur:
1215 2325 1217 2329 ·

273 2451 321 2465 -
335 2409 502 2503 fulqentes
523 2421 644 2507 atque
665 2410 711 2474 ob
731 2410 773 2474 t'tl
795 2411 981 2497 lyncurium
1002 2419 1145 2494 vocotus,
1164 2417 1279 2479 sucino
1296 2415 1354 2481 rel.

322 2566 357 2652 §.
371 2564 444 2628 152.
455 2563 562 2629 verba
583 2560 704 2628 Rabies
721 2583 840 2626 canaam
858 2564 939 2628 sitio
958 2561 1096 2626 ardente
1115 2564 1242 2629 domim
1258 2569 1354 2653 pesti-

225 2681 334 2770 fera,
361 2690 401 2752 ut
420 2681 585 2761 diximus,
612 2681 660 2744 itu
683 2682 797 2745 morsis
825 2680 918 2744 letali
944 2701 1052 2768 aquae
1078 2691 1167 2746 metu
1192 2685 1353 2766 immerito

227 2802 413 2870 lacessivit
424 2802 581 2868 Osaunus
594 2798 708 2866 Philol.
720 2800 790 2865 Vll.
803 2822 834 2883 p.
847 2798 921 2882 396,
945 2799 1000 2884 qui
1014 2799 1114 2864 debili
1136 2798 1353 2866 fundamento
1463 2885 1468 2894 .

197 2938 201 2946 ·
230 2923 355 2988 Veteri
378 2920 423 2985 illi
445 2907 669 3002 Dalecampii,
698 2917 828 3000 dequo
851 2917 917 2978 iam
940 2935 1046 2999 supra
1067 2913 1162 2999 pat.
1182 2916 1227 2980 al.
1251 2893 1355 2984 locuti

231 3065 374 3122 sumus,
408 3040 540 3104 iunixus
567 3038 619 3100 ira
648 3048 682 3101 et
702 3036 766 3100 iam
789 3055 831 3098 ex
854 3035 930 3097 edit.
952 3034 1139 3115 Parmensi,
1162 3045 1198 3098 ut
1211 3035 1355 3111 videtur,

233 3183 325 3247 quae
356 3160 389 3223 in
416 3156 559 3242 exenrpli
586 3155 694 3242 Lugd.
724 3154 874 3240 margine
905 3153 1042 3233 citatur,
1073 3152 1179 3218 letalis
1207 3157 1354 3242 scripsit,

234 3281 362 3346 deinde
391 3299 465 3344 cum
495 3277 614 3341 eodem
634 3273 844 3360 Dalecampii
869 3273 997 3339 Vetere
1026 3275 1147 3340 codice
1175 3279 1355 3343 verborum

235 3401 393 3465 ordinem
421 3398 467 3461 ita
493 3397 682 3460 mutandum
712 3416 790 3460 esse
818 3395 1000 3460 arbitratus
1026 3406 1095 3480 est,
1124 3406 1160 3461 ut
1185 3400 1291 3463 verba
1318 3407 1357 3462 ut

235 3517 388 3581 ἆὶκίηιιισ
416 3514 527 3579 statim
558 3523 635 3598 post
666 3512 804 3576 ardente
833 3523 1027 3598 sequantur.
1089 3511 1214 3580 Verum
1241 3537 1260 3581 e
1287 3535 1356 3581 me-

237 3635 352 3701 moria
371 3614 594 3718 negligentius
615 3628 732 3695 11.107.
754 3629 879 3696 Plinius
900 3629 1058 3715 laudavit,
1079 3631 1137 3696 ubi
1159 3652 1263 3698 canes
1284 3643 1355 3699 toto

237 3775 279 3820 eo
303 3753 416 3838 spatio
438 3751 472 3814 in
491 3749 618 3814 rabiem
639 3747 695 3836 agi
716 3746 865 3825 dixerat,
893 3748 936 3812 de
957 3747 1091 3812 homine
1112 3747 1194 3812 nihil
1215 3751 1357 3814 addide-
1388 3749 1391 3756 ’

239 3884 302 3949 rut,
324 3890 425 3955 quem
442 3880 551 3932 tamen
567 3863 743 3930 insanabili
758 3884 871 3928 morsu
887 3883 908 3925 a
923 3864 1062 3927 canibus
1085 3864 1154 3946 peti
1171 3861 1235 3926 ulia
1252 3885 1358 3930 causa

239 3989 273 4052 iu
292 3988 424 4053 rabiem
447 3984 534 4050 actis
558 3982 692 4048 tradidit
712 3979 781 4046 Vll.
791 3977 843 4043 64.
875 3976 1019 4065 Reliqua
1032 3977 1207 4046 Gesnerus
1221 3979 1357 4052 Gbrest.
1378 4045 1380 4049 ,

240 4129 272 4192 p.
283 4105 357 4171 351.
377 4104 501 4189 optime
523 4103 569 4165 ita
592 4098 766 4186 explicuit:
794 4098 844 4177 „i
861 4118 888 4161 e.
911 4119 985 4163 cum
1008 4100 1130 4165 morsis
1153 4121 1173 4166 a
1195 4123 1282 4169 cane
1304 4122 1358 4172 ra·

240 4229 338 4294 bioso
359 4222 473 4290 letalis
493 4222 537 4286 sit
559 4240 668 4306 aquae
691 4219 833 4285 metus“.

667 4387 866 4482 161242,
876 4386 940 4460 us.
1377 4409 1439 4474 mu

322 4543 407 4608 Post
420 4541 526 4606 verba
547 4538 670 4624 „albati
686 4556 774 4624 equo
790 4535 924 4602 Corace
944 4551 1168 4621 occupavere,
1184 4536 1358 4618 priuatam

1086 4651 1151 4715 1⁰*
