3567 5559
692 567 877 639 naam
1288 568 1337 639 0

222 761 295 827 ltin.
313 759 429 834 merit,
448 778 483 843 p.
497 756 575 827 599.
596 755 701 825 Goos·
714 767 867 830 meatur.
914 754 1073 823 Proxirno
1098 762 1209 823 auum
1231 774 1336 825 voea-

220 877 302 947 hulo
329 877 459 965 aliquid
490 878 532 945 da
559 874 611 942 (lo
636 876 828 961 praedicari
857 874 1000 942 videtur.
1050 874 1197 962 Egregie
1225 885 1337 943 aanor

222 1009 325 1084 portu
345 998 517 1062 instructa
532 994 604 1079 fuit,
624 994 670 1061 cf.
678 995 779 1060 Diod
787 994 864 1060 XV.
874 994 928 1059 76.
954 992 1063 1068 Quem
1085 994 1200 1078 optimi
1215 996 1292 1061 cod.
1306 994 1339 1061 A

222 1119 400 1202 scriptura
424 1114 600 1198 Eulirroo,
624 1115 660 1179 iu
686 1112 743 1179 Rd
766 1113 802 1179 in
825 1110 959 1177 oleam
986 1125 1165 1198 corrupta,
1198 1114 1339 1179 indicari

221 1237 387 1321 arbitror,
405 1246 445 1301 ut
465 1234 643 1319 legendum
662 1231 831 1298 rideatur-2
855 1228 939 1297 Coos
951 1231 1153 1297 Eulimms.
1183 1232 1338 1300 Ceterum

223 1375 396 1423 numeros
404 1353 585 1419 emendare
603 1371 669 1416 non
690 1353 800 1418 audeo
822 1370 907 1438 qnos
927 1362 986 1416 aut
1005 1350 1062 1417 hic
1082 1361 1141 1417 ant
1155 1352 1243 1440 §.ou
1265 1372 1339 1418 cor·

225 1484 353 1559 ruptos
370 1492 448 1537 esse
469 1468 562 1536 facili
581 1482 738 1556 computo
759 1470 911 1539 eflicitur.
954 1468 1024 1535 llllc
1042 1470 1130 1537 enim
1147 1471 1340 1557 Carpathus

226 1612 253 1658 a
273 1591 378 1659 Crete
397 1588 461 1655 LX
480 1588 546 1655 mil.
565 1610 610 1674 p.,
631 1587 687 1655 hic
707 1587 868 1654 XXXVII
886 1589 1013 1655 distare
1032 1600 1198 1658 narratur.
1242 1590 1340 1659 Gom·

226 1710 344 1798 plures
364 1718 478 1775 autem
499 1708 629 1773 insulae
650 1706 737 1773 infra
749 1707 791 1773 V.
804 1704 874 1771 133.
892 1708 1012 1774 iterum
1035 1710 1254 1776 nominantur.
1282 1708 1340 1775 At·

226 1850 293 1917 que
315 1828 456 1893 Graeco
480 1826 648 1893 vocabulo
676 1827 776 1893 etiam
797 1824 1021 1911 Peparethum
1046 1827 1160 1893 statim
1180 1826 1342 1893 Euoerum

228 1946 479 2036 (EumtouAR,
497 1946 669 2013 Euoerrum
685 1946 723 2033 d)
743 1942 942 2031 appellatur.

664 2134 923 2232 8351126.
1359 2154 1396 2223 ει

154 2297 161 2340 ¹
286 2306 383 2385 Inde
405 2303 584 2385 silvestris
608 2303 714 2405 regio
740 2306 930 2405 Hylaeum
952 2330 1054 2383 mare
1080 2330 1155 2407 quo
1181 2258 1342 2383 adluitur

284 2441 573 2545 cognominavit,
597 2440 932 2519 Enoechadloo
957 2454 1137 2521 vocantur
1161 2442 1317 2520 incolae.

318 2648 440 2713 Mirum
459 2644 541 2712 illud
564 2655 599 2710 et
617 2646 799 2712 inauditum
817 2667 942 2714 nomen
961 2647 1138 2717 manifesto
1150 2661 1344 2736 oomnptum

229 2777 286 2836 est
306 2767 344 2833 iu
364 2786 410 2831 ea
427 2764 627 2850 praesertim
641 2764 801 2852 Scythiae
821 2766 963 2851 regione
984 2788 1083 2854 quam
1102 2778 1138 2833 et
1153 2768 1346 2833 Herodotus

231 2897 398 2955 accurate
418 2884 598 2968 descripsit
620 2892 653 2947 et
674 2895 753 2970 post
771 2906 844 2950 eum
867 2883 995 2968 plures,
1020 2905 1038 2948 e
1061 2884 1180 2971 quibua
1201 2883 1347 2951 Posido-

229 3010 328 3075 nium
347 3006 545 3090 praesertim
557 3003 692 3083 Plinius,
711 3004 812 3069 sicuti
822 3003 947 3068 Strabo
960 3002 1030 3067 Vll.
1042 3012 1076 3069 et
1091 3002 1195 3085 l.Xl.‚
1215 3003 1347 3073 videtur

233 3134 478 3193 secutusessc.
507 3122 713 3187 Herodotum
724 3123 810 3187 enim
822 3122 865 3187 de
876 3140 942 3209 quo
965 3130 1043 3187 ante
1066 3141 1184 3189 omnes
1206 3123 1346 3209 cogitet,

231 3246 270 3311 in
290 3252 465 3308 auctorum
480 3242 589 3308 indice
611 3263 679 3307 uon
699 3242 906 3328 reperimusz
926 3241 1025 3308 nobis
1044 3262 1128 3310 vero
1145 3222 1269 3330 quippe
1290 3244 1345 3331 qui

230 3363 377 3449 reliquis
384 3360 530 3427 Graecis
540 3362 761 3469 scriptoribus
772 3360 846 3427 lere
861 3363 968 3428 simus
989 3362 1147 3445 destituti,
1170 3364 1346 3432 Herodoto

231 3483 420 3569 praecipue
448 3478 560 3547 licebit
586 3481 650 3561 uti,
680 3502 824 3568 quocum
851 3481 948 3547 Plinii
979 3504 1111 3571 quoqne
1133 3495 1293 3550 auctores
1313 3483 1347 3551 in

233 3603 410 3687 plerisque
436 3601 657 3669 consentiunt.
702 3602 940 3675 Quaerendum
967 3612 1022 3668 est
1041 3603 1142 3689 igitur
1162 3603 1263 3669 vicini
1284 3622 1349 3668 nu·

234 3740 311 3784 meu
330 3717 452 3805 populi
476 3720 565 3804 quod
588 3720 633 3783 ed
655 3716 808 3784 codicum
829 3720 1008 3786 lectionem
1030 3721 1181 3807 proxime
1201 3720 1348 3793 accedit.

233 3838 286 3902 lta
305 3858 392 3903 vero
417 3838 586 3906 scribunt:

283 3956 360 4020 eod
380 3956 414 4020 R
433 3955 671 4036 mmdioae,
693 3978 716 4042 p
736 3945 974 4037 euoecltodlrc,
998 3958 1022 4022 d
1041 3952 1246 4040 malachus,
1378 3940 1405 3953 ’”

280 4072 313 4138 Τ
334 4070 538 4138 moctoclree.

319 4208 446 4276 Codex
466 4209 553 4273 enim
574 4208 607 4275 A
638 4208 706 4276 hoc
729 4233 839 4299 usque
869 4235 938 4281 non
965 4213 1121 4299 pertinet.
1174 4212 1210 4277 lu
1238 4210 1353 4298 primia

233 4330 357 4396 litteris
380 4347 499 4393 omncs
521 4331 743 4412 consentiunt,
764 4332 799 4397 in
820 4330 941 4399 ultimis
953 4330 1025 4400 fere
1040 4332 1105 4398 det
1115 4330 1155 4399 Τ.
1178 4330 1247 4399 lam
1260 4329 1353 4397 initio

234 4469 340 4515 unam
358 4445 529 4533 syllabam
548 4449 722 4517 exciduae
745 4452 958 4519 entueudum
977 4462 1048 4533 est,
1075 4447 1355 4541 pantardum

236 4563 344 4651 paolo
376 4561 485 4645 infra,
515 4573 553 4631 ut
584 4564 655 4635 elia
679 4568 835 4655 exempla
864 4592 952 4658 quae
984 4581 1108 4659 postea
1134 4569 1355 4657 reperiemus,
