3567 5559
566 796 568 799 .
649 735 749 796 latter
761 731 894 797 MR.
1280 725 1324 800 Q
1444 757 1445 762 ¹

220 927 324 992 bitror.
367 925 415 992 Et
435 926 571 1011 primum
598 925 728 1011 quium
759 926 906 992 eodioum
923 927 1096 994 laudonem
1110 932 1326 1007 tonsurato
1453 925 1456 930 “
1549 944 1553 952 ·

219 1044 337 1108 serrari
362 1029 479 1125 miror,
515 1043 634 1128 optime
657 1064 682 1106 a
712 1042 861 1108 Pintiauo
890 1049 1076 1108 oorroetam.
1120 1042 1213 1117 Quod
1239 1044 1325 1108 onim

221 1145 294 1223 (lato
316 1180 366 1244 ep.
391 1158 437 1226 50
456 1160 554 1241 ,fioos‘
577 1160 621 1229 ait
644 1160 870 1245 ,interputat0‘,
891 1159 994 1224 Plinio
1015 1161 1198 1224 necessaria
1212 1177 1325 1224 emen·

221 1275 345 1340 datione
365 1282 548 1356 interputmt
568 1275 722 1340 redditur.
765 1275 848 1340 Tum
869 1298 933 1341 uon
966 1278 1099 1343 aflatu-
1114 1276 1241 1341 favonio
1270 1276 1325 1340 de-

216 1392 407 1475 lendnntm,
441 1392 499 1456 sed
543 1392 607 1474 ,ubi
640 1391 787 1456 favonius
820 1394 898 1456 flare
932 1393 1054 1479 eoepit,
1088 1395 1326 1458 stercorantur.t

221 1507 385 1573 Postremo
419 1515 544 1572 mutata
581 1514 741 1572 structura
772 1516 900 1588 incipias
928 1519 960 1574 et
987 1523 1092 1593 ueto,
1125 1511 1171 1574 ita
1201 1509 1325 1574 utsill.

222 1625 310 1689 Plinii
342 1625 447 1690 verba
469 1625 612 1708 refinxit,
646 1646 708 1712 quo
730 1626 910 1691 referantur
941 1648 1005 1692 nou
1027 1626 1163 1708 habent,
1196 1635 1327 1712 reeepta

222 1742 333 1807 oodiois
357 1763 378 1806 a
399 1744 540 1808 leotione
561 1749 696 1822 idemque
717 1763 760 1806 se.
775 1741 866 1824 ,Oato
882 1746 936 1810 ait‘
959 1745 1078 1831 optime
1099 1744 1325 1828 intelliguntur.
1423 1789 1431 1799 .

223 1855 302 1922 llrliil
325 1859 414 1922 enim
451 1861 588 1945 saepius
607 1859 676 1924 fere
696 1859 747 1941 fit,
780 1881 876 1946 quam
903 1869 939 1925 ut
970 1861 1159 1947 insequente
1189 1840 1342 1923 auotoris-

226 1976 352 2039 alieuius
372 1974 541 2052 'sententia
563 1976 661 2041 verba
684 1976 812 2042 dioendi
840 1979 1043 2062 omittantur,
1067 1978 1106 2043 ef.
1130 1975 1328 2062 Grasberger

226 2112 252 2174 p.
274 2093 322 2160 17.
344 2082 538 2178 Legendunr
560 2101 610 2157 est
627 2094 739 2180 igitur:

264 2216 335 2275 Cato
358 2229 386 2276 r.
410 2231 439 2275 o.
460 2233 486 2274 r.
509 2217 542 2275 d:
563 2235 589 2276 r.
611 2217 635 2290 f.
656 2219 841 2292 seminariis,
863 2207 950 2292 rap„
974 2219 990 2276 i.
1014 2219 1031 2277 l.
1055 2233 1081 2277 o.
1104 2234 1128 2277 e.
1151 2191 1182 2276 u.
1202 2235 1229 2276 u.
1250 2216 1275 2289 f.
1292 2234 1326 2292 p.

264 2349 291 2392 o.
311 2352 352 2411 a,
385 2341 482 2410 prato
501 2337 668 2394 stercorari
687 2337 758 2394 tuno
779 2336 895 2394 sitiente
916 2337 1099 2409 quaerique
1120 2351 1180 2394 nou
1202 2343 1288 2394 erunt
1308 2353 1327 2395 u
1363 2386 1366 2390 .

262 2452 336 2524 flatu
353 2452 484 2526 fauerit,
507 2451 638 2528 defendi,
655 2469 700 2530 p.,
721 2452 750 2509 Ιι.
771 2468 809 2512 m.
831 2471 857 2510 r.
880 2469 916 2525 a,
936 2452 959 2522 f.
981 2437 1175 2531 tuterputari3
1210 2471 1235 2513 r.
1255 2452 1279 2526 f
1301 2431 1326 2514 e.

264 2587 289 2630 u.
309 2589 343 2642 r;
364 2571 396 2631 Ιι.
420 2589 451 2630 α.
473 2587 500 2629 u.
520 2570 545 2643 f.
566 2572 709 2646 incipian
732 2571 877 2645 idemque.

634 2754 708 2827 247
732 2776 773 2818 ε
797 2755 918 2851 26,66.
1347 2797 1409 2866 368

273 2880 366 2958 lllV.
407 2882 555 2958 kalend.
590 2880 708 2958 ltlaias
742 2882 922 2982 Aegypto
961 2882 1113 2958 suculae
1152 2881 1326 2960 occidunt

247 3016 430 3115 uesperi,
474 3015 577 3091 sidus
604 3003 808 3090 vehemens
835 3020 872 3089 et
899 3022 995 3090 terra
1021 3016 1185 3113 marique
1213 3015 1327 3090 turbi-
1404 3107 1422 3134 ι

275 3146 367 3238 dum,
395 3145 493 3224 XVI.
519 3146 679 3237 Atticae,
696 3145 960 3238 ,XVAEaesari
986 3147 1163 3225 ,continuo
1191 3153 1330 3247 quatris
1445 3193 1451 3201 ,

273 3278 343 3358 duo
367 3278 591 3380 signinam,
618 3279 798 3378 Assyriae
825 3287 947 3356 autem
961 3277 1041 3355 Xll.
1055 3278 1215 3363 laland.
1232 3281 1339 3363 tuat..

304 3409 427 3478 Ultima
459 3410 558 3477 verba
589 3431 693 3495 aeque
721 3411 763 3476 ad
783 3411 1009 3497 praedicatum
1037 3418 1180 3498 orrtduut
1216 3412 1326 3478 referri

236 3528 378 3606 particulo.
395 3541 492 3593 autem
510 3528 719 3607 demonstrat.
740 3531 854 3612 Itaque
869 3534 954 3615 'quae
968 3531 1145 3615 legitimum
1157 3531 1325 3616 perborum

238 3642 365 3744 ordinem
387 3647 590 3732 interrumpit
617 3646 702 3710 linea
723 3646 852 3710 XXVII
874 3648 1052 3712 litterarum
1081 3669 1138 3712 suo
1160 3648 1231 3713 looo
1253 3648 1325 3711 red-

237 3755 333 3844 detur,
354 3779 428 3828 oum
449 3765 588 3849 legetur:
1275 3747 1278 3754 .

270 3898 290 3939 r.
309 3901 335 3943 u.
356 3895 385 3946 et
405 3894 488 3946 terro
509 3889 646 3961 marique
667 3885 814 3946 turbidum
836 3879 976 3968 Continuo
995 3887 1156 3962 quatriduo
1178 3887 1327 3958 sipuifirot

239 3991 375 4078 Singulari
397 4021 531 4064 numero
566 3999 699 4065 eoodd.
721 4006 867 4084 recepto,
884 3983 995 4084 'atque
1018 4019 1052 4063 re
1084 4019 1162 4064 vera
1181 3997 1238 4063 Xl.
1261 4000 1324 4063 kal.
1383 4009 1390 4059 ’,
1502 4037 1507 4047 .

236 4103 300 4176 llai.
320 4119 473 4183 serenitas
494 4117 585 4182 reddi
616 4118 730 4182 dieitur
751 4117 899 4201 proxima
920 4118 1092 4192 sententia,
1122 4111 1325 4183 hauddubie
1447 4105 1449 4118 ¹

242 4228 342 4297 alano
363 4256 380 4299 e
403 4235 495 4302 oodd.
513 4241 604 4301 reete
623 4235 805 4304 constituta.

629 4407 700 4479 249
727 4423 763 4455 ==
792 4407 912 4492 aaut.
964 4476 969 4484 .

282 4528 437 4614 dedecus
459 4573 505 4592 ...
531 4533 688 4640 liabetur
719 4533 1031 4634 opprobriumque
1058 4531 1324 4651 merituurlal-

284 4681 353 4742 oen
377 4671 425 4748 ab
447 4667 511 4746 llla
527 4665 694 4772 voluere·
713 4666 907 4760 (cuculum
934 4669 1041 4760 dicit)
1078 4667 1114 4740 in
1154 4666 1228 4742 vite
1252 4667 1323 4742 ds-

1346 4475 1408 4545 369
