3567 5559
456 537 518 605 leo
905 538 1006 606 brier
1028 541 1104 608 XV.

454 725 484 810 §.
503 722 574 788 lto.
594 723 765 809 vulgatam
783 726 986 809 scripturam
1006 723 1063 812 fiet
1084 727 1291 794 retinendam
1311 747 1390 792 esse
1416 730 1558 811 proxima

454 865 540 910 voce
562 845 694 910 interim
715 826 892 915 indicatur.
1157 828 1162 836 “

374 1043 437 1108 ⁸252
870 1015 1071 1109 lltt=28,
1087 1015 1147 1090 34.

505 1165 711 1242 detrahitur
728 1167 819 1241 haec
837 1167 974 1268 (cutis)
995 1167 1077 1242 ficis
1095 1166 1297 1243 virentibus
1321 1177 1362 1243 ut
1379 1177 1561 1267 putamen,

505 1302 679 1377 eisdem
707 1327 818 1400 quae
842 1301 880 1376 in
904 1301 1014 1376 siccis
1038 1301 1196 1377 maxime
1219 1303 1352 1401 placet.

538 1451 648 1538 Vulgo
669 1451 843 1538 legebatur
865 1449 988 1517 cadent.
1033 1452 1131 1526 Quod
1152 1471 1234 1516 vero
1256 1450 1407 1535 Silligius
1431 1474 1452 1517 e
1476 1451 1561 1515 codd.

454 1573 502 1634 ad
525 1572 627 1649 dedit,
649 1583 836 1636 contortam
848 1571 959 1635 reddit
972 1583 1184 1648 structuram,
1202 1570 1393 1637 facillimam
1413 1571 1562 1646 suturam,

453 1690 509 1755 ubi
530 1710 605 1754 curu
626 1690 700 1754 eod.
722 1703 749 1755 Θ
770 1689 951 1774 scripseris
973 1689 1207 1783 eisdemque.

373 1869 437 1934 raa
876 1857 1148 1950 124=2o,37.
1269 1922 1278 1934 .

504 2010 643 2110 Virgae
657 2035 804 2109 quoque
827 2010 907 2085 eius
928 2019 1094 2108 gestatae
1116 2009 1246 2084 modo
1264 2007 1397 2086 viatori
1411 2016 1561 2110 prosunt

503 2147 540 2221 in
567 2149 676 2246 longo
699 2146 833 2222 itinere
859 2146 988 2247 pediti.

536 2295 744 2364 Vocabulum
767 2319 870 2361 mauu
891 2297 981 2382 quod
1003 2295 1103 2383 vulgo
1125 2296 1246 2384 legitur
1273 2295 1362 2361 haud
1389 2294 1494 2361 dubie
1516 2302 1559 2356 est

452 2412 699 2498 interpolatum,
721 2413 817 2477 modo
836 2413 926 2499 quod
949 2433 991 2477 ex
1012 2416 1164 2479 omnibus
1185 2414 1279 2480 libris
1300 2414 1388 2482 Mes.
1417 2411 1558 2492 Silligius

452 2535 604 2612 restituit,
626 2534 713 2597 omni
736 2555 840 2598 sensu
861 2553 1011 2596 vacuum.
1064 2533 1152 2605 Quid
1173 2533 1247 2617 ipse
1270 2531 1394 2597 Plinius
1419 2531 1556 2613 scripse

452 2653 507 2731 rit,
526 2654 945 2738 nonduminveuirepotui.
978 2651 1140 2718 Fortasse
1163 2655 1407 2718 substantivum
1432 2648 1555 2736 aliquod

451 2771 542 2837 velut
557 2770 666 2835 loculi
685 2772 818 2856 excidit,
839 2793 906 2858 quo
919 2773 1036 2858 virgae
1058 2771 1089 2834 iu
1113 2771 1243 2836 modum
1259 2772 1422 2856 scipionis
1437 2767 1555 2839 victorii

452 2893 579 2975 gestari
600 2892 759 2957 dicantur.

371 3069 433 3132 tot
863 3043 1140 3140 136=30‚40.

505 3245 552 3255 -
586 3198 844 3297 intrepideque
871 3197 1017 3272 miranti
1050 3197 1230 3298 (Liviae)
1263 3197 1425 3272 accessit
1458 3196 1554 3272 mira·

503 3336 645 3428 culum,
672 3333 842 3433 quoniam
870 3345 1057 3408 tenentem
1085 3345 1207 3409 rostro
1230 3335 1397 3413 laureum
1421 3356 1551 3410 ramum
1611 3335 1612 3356 ¹

502 3489 672 3546 onustum
700 3471 779 3545 suis
802 3469 921 3562 bacis3
948 3470 1161 3545 conservari
1185 3470 1306 3546 alitem
1334 3481 1372 3546 at
1395 3471 1550 3547 subolem

498 3607 643 3680 iussere
664 3605 881 3704 haruspices
909 3611 970 3678 rel.

532 3755 645 3844 Vulgo
669 3765 804 3840 terreret,
823 3757 911 3852 quod
935 3756 997 3820 nisi
1015 3770 1133 3821 contra
1149 3760 1382 3825 auctoritatem
1402 3760 1550 3828 librorum
1610 3731 1611 3738 ἵ

448 3878 649 3962 optimorum
679 3878 824 3941 retinere
858 3874 958 3951 velis,
994 3874 1171 3940 delendum
1203 3889 1257 3941 est
1283 3876 1549 3963 interpunctionis

447 3997 590 4078 signum,
616 4008 651 4059 ut
671 3996 717 4060 ita
739 3997 982 4078 coniungantur
1001 3996 1120 4059 verba:
1150 3997 1332 4080 „quoniam
1358 3995 1550 4085 haruspices
1609 4071 1610 4086 χ

446 4114 576 4178 iussere
596 4112 705 4177 alitem
725 4110 855 4175 laurum
876 4121 1042 4174 tenentem
1068 4122 1102 4176 et
1123 4112 1273 4177 subolem
1302 4115 1344 4198 (i.
1360 4136 1389 4183 e.
1411 4138 1486 4182 cum
1506 4133 1549 4178 su·

447 4227 539 4313 bole)
562 4228 790 4294 conservarit
