3567 5559
710 533 813 600 Liter-
834 533 898 606 Vr.
1299 539 1362 604 115

320 722 414 787 Earn
435 721 598 786 rationem
626 723 660 786 in
685 725 921 788 enumerandis
947 723 1097 790 Arabiae
1126 723 1360 808 populent.

221 841 396 927 sequitur
411 840 551 923 Plinius,
569 851 606 904 ut
622 850 741 924 gentes
763 841 885 924 primo,
909 842 1035 925 oppida
1053 851 1152 905 sexto
1174 861 1255 906 casu
1280 841 1360 908 indi·

220 971 292 1024 cet.
348 959 513 1024 Scribere
534 957 633 1042 igitur
654 966 788 1042 oportet
808 956 1216 1044 Bucascnmilliplrenrmu
1236 959 1360 1045 oppido,

219 1089 261 1142 ut
284 1077 410 1164 gentis
431 1086 536 1160 caput
557 1074 661 1140 fuisse
674 1074 891 1160 significatur.
905 1112 942 1125 -
963 1077 996 1140 ln
1017 1076 1082 1141 line
1103 1079 1262 1142 enuntiati
1282 1100 1359 1162 pru·

220 1199 362 1262 denter
383 1197 516 1282 quidem
540 1194 688 1281 Silligius
708 1192 907 1279 scripturam
930 1193 1103 1282 vulgarem
1125 1194 1358 1280 interpolatam

219 1337 316 1380 esse
344 1312 597 1395 animadvertit,
619 1303 698 1375 illud
721 1322 830 1376 tamen
856 1311 1065 1378 manifestum
1088 1325 1153 1392 est,
1174 1331 1274 1378 unum
1296 1335 1357 1399 po-

222 1432 361 1518 pulum
388 1431 583 1496 eliciendum
613 1451 711 1510 esse,
743 1442 777 1496 et
807 1453 906 1516 quum
935 1431 967 1496 R
994 1441 1028 1497 et
1057 1430 1078 1496 d
1105 1431 1137 1496 in
1163 1432 1355 1498 universum

222 1552 455 1617 consentiant
481 1550 688 1634 (altereulm
706 1551 807 1615 habet
828 1551 1015 1614 elmutoceis
1031 1550 1145 1638 oppido
1161 1551 1355 1618 clodeAui·

223 1669 301 1732 tarr·
320 1670 365 1732 iss
383 1667 565 1747 mutilate,
598 1667 684 1735 alter
708 1669 869 1734 Elmataeis
895 1669 1009 1756 oppido
1037 1669 1116 1733 corle
1136 1671 1298 1736 Aiathuri
1317 1675 1353 1738 in

223 1785 438 1868 montibus),
467 1785 513 1850 itu
531 1785 682 1852 tortasse
701 1784 824 1854 Plinius
846 1787 1000 1871 scripsit:
1034 1787 1219 1852 Elmutuaei
1239 1791 1353 1875 oppido

225 1905 364 1985 Claude,
385 1902 547 1968 Aiathuri
570 1904 608 1966 in
627 1901 791 1968 montibus
819 1901 979 1986 (Gaudos
1000 1900 1146 1966 Luthrrri
1173 1903 1293 1988 legitur
1319 1908 1354 1973 in

223 2028 284 2108 θ).
329 2023 556 2088 Ilelrmdeues
579 2025 666 2090 enim
697 2043 718 2091 e
744 2021 972 2107 dittographia
991 2022 1089 2088 vocis
1112 2021 1273 2086 Elmoteis
1295 2046 1352 2088 or·

225 2154 290 2209 tos
316 2163 398 2208 esse
417 2153 569 2227 apparet.

323 2279 355 2365 §.
373 2277 440 2343 169.
465 2277 596 2342 insula
618 2275 743 2342 Stenae
766 2276 862 2344 dirue
887 2277 1018 2344 divisim
1045 2277 1260 2346 scribendum
1286 2290 1350 2344 ast.

226 2397 344 2462 Stena
364 2397 453 2461 enim
475 2409 550 2461 eum
570 2395 797 2480 promontorio
809 2392 891 2460 Dira
915 2397 1092 2461 coniuncte
1112 2397 1350 2466 describuntur

228 2536 251 2582 a
274 2518 452 2583 Strabone
465 2515 555 2580 XVl.
568 2537 602 2599 p.
612 2511 686 2593 769,
710 2514 834 2581 Plinius
855 2528 966 2582 autem
987 2515 1206 2601 promontorii
1224 2531 1348 2582 nomeu·

229 2639 355 2702 eodem
378 2635 479 2700 modo
501 2633 542 2698 ad
564 2634 692 2699 insulas
704 2631 832 2700 vicinas
845 2635 1026 2715 transtulit,
1049 2655 1114 2720 quo
1125 2654 1228 2718 supra
1239 2637 1267 2721 §.
1277 2634 1348 2702 153.

228 2756 404 2840 Syagrum
431 2753 693 2836 promontorium
720 2763 753 2816 et
783 2753 815 2840 ς.
831 2749 904 2819 155.
928 2751 1082 2836 Syagros
1111 2750 1221 2814 insula
1248 2752 1348 2834 (naut

230 2888 328 2938 recte
350 2873 523 2937 Pintianus
543 2871 590 2932 ita
611 2891 674 2954 pro
697 2867 839 2957 Syqaros
865 2869 967 2952 legit)
997 2867 1216 2932 nominantur.
1266 2867 1348 2932 Mox

229 2994 282 3078 epi
303 2991 408 3055 Dirce
429 2999 462 3054 et
480 2987 533 3073 epi
555 2984 681 3048 Tierua
707 3005 816 3071 aeque
838 2986 1027 3050 dividantur
1055 2994 1197 3068 oportet.
1247 2982 1347 3048 Cete-

230 3131 311 3172 rum
333 3109 408 3172 dum
424 3103 694 3184 Eratosthenem,
710 3101 1006 3185 Agatharchidem,
1029 3102 1071 3166 de
1094 3123 1159 3187 quo
1182 3100 1347 3166 Hauriaus

231 3229 369 3292 Frieten
390 3225 491 3309 docto
511 3213 622 3285 libello
645 3220 782 3284 Bonnae
808 3218 897 3284 1848.
920 3221 1005 3304 egit,
1030 3221 1155 3304 labam,
1178 3219 1345 3305 Periplum

232 3347 335 3410 maris
346 3340 538 3428 Erythraei,
559 3336 643 3403 alios
665 3337 829 3422 sequitur,
853 3356 1014 3422 perverso
1037 3340 1154 3404 ordine
1167 3338 1345 3427 Trogody-

233 3466 318 3531 tices
342 3475 380 3529 et
398 3461 552 3527 Ananiae
570 3477 664 3524 oram
687 3458 868 3542 descripsit
890 3458 1020 3528 Plinius.
1152 3523 1156 3530 ,

648 3656 927 3753 171=2n,34.
1006 3753 1011 3762 ¹
1364 3698 1422 3762 ro

280 3819 395 3894 Haec
418 3825 476 3890 est
508 3811 612 3912 regio
638 3811 803 3886 secundo
827 3809 1012 3886 volumine
1037 3807 1185 3880 anobis
1208 3805 1345 3904 signifi-

286 3963 386 4046 cata,
418 3951 456 4026 in
478 3975 550 4049 qua
571 3948 755 4024 XXXXV
778 3948 910 4021 diebus
932 3954 1015 4018 ante
1040 3939 1236 4017 solstitium
1262 3939 1346 4015 toti·

284 4091 443 4189 demque
477 4097 608 4186 postea
636 4087 729 4160 hora
756 4093 864 4159 sexta
896 4089 1162 4159 consumuntur
1193 4081 1344 4155 umbrae

280 4234 320 4298 et
340 4223 380 4297 in
407 4222 598 4298 meridiem
627 4219 781 4319 reliquis
803 4214 905 4294 horis
929 4217 1077 4310 cadunt,
1107 4215 1242 4290 ceteris
1267 4217 1345 4294 die-

280 4360 352 4437 bus
375 4360 416 4435 iu
437 4360 741 4462 septentrionem,
765 4376 849 4434 cum
867 4358 909 4433 in
931 4354 1116 4434 Berenice
1140 4379 1248 4452 quam
1270 4353 1345 4452 pri-

281 4515 378 4574 maru
399 4497 595 4599 posuimus.
612 4497 696 4597 ipsu
712 4487 775 4572 die
786 4493 937 4575 nouerit
952 4503 1059 4570 sexta
1079 4489 1172 4566 hora
1192 4489 1345 4564 umbrae

1087 4623 1134 4687 8*
