3567 5559
714 588 815 653 Liber
833 591 890 657 ΙΙ.
1320 598 1360 666 il

238 798 261 843 e
285 772 460 842 constanti
484 770 581 836 Plinii
606 792 670 838 usu
699 794 767 838 non
793 777 837 841 ad
864 776 1072 841 altitudinem
1097 781 1159 843 sed
1181 784 1224 847 ad
1245 793 1359 854 terrae

237 895 386 981 spatium
407 893 592 977 pertinent,
621 912 685 976 per
710 894 806 959 cuius
824 893 1033 960 latitudinem
1055 895 1207 963 altissimi
1229 914 1358 973 montes

237 1014 470 1100 porriguntur.
516 1008 567 1075 cf.
583 1010 705 1089 1V.91‚
726 1011 805 1076 Vlll
817 1012 870 1096 il,
887 1013 943 1076 lX.
957 1012 1028 1097 106,
1048 1014 1170 1082 XXXl.
1185 1015 1236 1086 58.
1265 1022 1358 1097 Qua.

238 1143 382 1219 propter
399 1128 516 1194 verbis
540 1129 779 1223 quinquaqinta
799 1130 926 1197 milium
948 1131 1032 1196 duas
1055 1152 1229 1203 mensuras
1252 1142 1357 1207 conti·

238 1252 317 1318 neri
337 1251 499 1326 arbitror,
526 1267 667 1332 quarum
695 1249 809 1332 priore
837 1250 909 1315 eins
938 1250 1083 1335 regionis
1108 1251 1281 1340 longitudo
1308 1258 1355 1323 in-

240 1372 390 1447 dicetur,
410 1367 442 1429 in
462 1385 529 1450 qua
551 1364 703 1430 altissimi
722 1378 852 1432 montes
873 1367 987 1433 inesse
1002 1369 1169 1451 dicantur,
1192 1374 1354 1444 aVesulo

244 1485 366 1567 (oilli.
379 1483 449 1561 117)
470 1484 732 1568 septentrionem
747 1505 870 1551 versus
886 1488 985 1566 sitae,
1004 1485 1111 1553 altera
1125 1492 1290 1558 verticum
1308 1494 1354 1561 al·

242 1606 349 1672 titudo
370 1602 583 1687 exprimatur.
602 1602 745 1667 Videtur
766 1605 867 1691 igitur
886 1606 989 1671 scribi
1012 1618 1187 1690 oportere:

280 1746 344 1790 nec
363 1722 510 1787 breuiore
528 1720 828 1814 quinquaqinta
848 1723 926 1789 mil.
951 1724 1034 1787 VM
1047 1746 1204 1811 passuum
1233 1728 1311 1814 rel,

238 1846 304 1911 nisi
327 1864 403 1908 cum
426 1839 580 1904 Broterio
601 1839 651 1903 rei
672 1840 804 1905 veritati
823 1843 1108 1909 accommodatius
1130 1843 1186 1910 bic
1209 1867 1354 1932 quoque,

238 1964 333 2051 quod
358 1978 466 2044 saepe
491 1957 629 2039 accidit,
664 1956 713 2019 Π
736 1970 769 2023 et
797 1978 824 2027 u
850 1970 1039 2043 permutata
1069 1982 1149 2026 esse
1180 1973 1214 2027 et
1238 1964 1354 2047 legere

238 2083 400 2148 malis-
421 2076 658 2173 quinquaqinta
688 2074 754 2142 mil.
775 2075 875 2141 HM
892 2098 1061 2164 passuum.
1096 2078 1214 2145 Obiter
1233 2102 1354 2149 moneo

240 2199 359 2288 §.le
379 2207 459 2281 post
482 2216 511 2259 v.
537 2192 734 2283 eremiqatus
754 2192 881 2261 leviore
901 2196 1169 2280 interpunctione
1195 2201 1352 2266 utendum

243 2338 336 2386 esse.

660 2431 934 2529 m=mm
1153 2472 1162 2487 „
1368 2470 1412 2537 m

288 2589 397 2667 Idem
416 2586 626 2685 (oceanus)
650 2583 912 2661 interfusus
936 2586 1082 2663 intrat
1102 2612 1172 2688 per
1197 2597 1252 2664 tot
1277 2612 1352 2687 ma·

285 2725 344 2801 ria
371 2720 506 2823 quibus
533 2720 717 2815 Africam,
745 2716 957 2822 Europam,
997 2723 1124 2799 Asiam
1160 2723 1350 2826 dispescit,

288 2867 465 2962 quantum
491 2865 674 2931 terrarum
701 2857 886 2957 occupati

321 2994 452 3058 Vocem
480 2992 584 3053 intrat
609 3011 628 3056 e
658 2990 884 3075 dittographia
910 2990 1084 3075 proximae
1119 2989 1213 3054 vocis
1244 2999 1351 3055 ortum

239 3110 505 3201 patatSilligius‚
528 3110 650 3194 quippe
671 3128 749 3195 qua,
770 3118 807 3172 nt
826 3127 915 3172 nunc
938 3105 1069 3193 quidem
1091 3108 1227 3193 legitur,
1250 3124 1351 3174 enun-

238 3229 390 3298 tiationis
419 3230 642 3312 concinnitas,
677 3248 820 3312 prorsus
849 3238 1030 3293 evertatur.
1085 3229 1210 3295 Verum
1239 3228 1350 3314 aliquo

238 3364 350 3416 manen
371 3348 538 3415 vocabulo
562 3350 841 3415 mediterraneum
863 3336 972 3426 mare,
995 3350 1084 3434 quod
1107 3351 1135 3433 ᾗ.
1150 3348 1229 3429 205,
1251 3349 1350 3428 litt,

237 3471 291 3550 31,
302 3471 346 3535 V.
359 3469 409 3535 18.
431 3470 594 3533 internum
608 3463 806 3553 appellatur,
826 3465 870 3530 ab
890 3468 932 3531 iis
954 3486 1040 3551 quae
1059 3469 1124 3532 iam
1148 3488 1349 3534 commemo·

237 3602 313 3655 rata
332 3598 429 3665 snut,
451 3587 606 3672 distingui
627 3595 771 3670 oportet.
813 3585 928 3659 Quare
952 3606 1017 3649 una
1038 3585 1148 3652 littera
1169 3585 1280 3653 deleta
1302 3584 1348 3654 le·

238 3728 319 3793 gere
340 3705 448 3771 malo:

603 3782 827 3873 interfusus
854 3788 975 3850 intra.

323 3909 430 3982 Quam
449 3904 537 3971 enim
558 3903 690 3972 lanusl.
702 3905 725 3969 1.
739 3915 941 3971 structuram
961 3906 1149 3990 proposuit,
1167 3904 1349 3989 quaverba

238 4033 399 4121 quanm
420 4033 588 4089 terrarum
601 4032 737 4109 occupat
757 4024 802 4087 ad
823 4024 889 4088 dno
914 4023 991 4089 cola
1012 4022 1097 4089 idem
1107 4021 1266 4117 siquidem
1287 4022 1348 4088 rel.

237 4157 273 4213 et
294 4138 573 4229 adoninterfusus
594 4162 703 4227 aeque
725 4144 924 4227 pertineant,
945 4144 1043 4208 nimis
1065 4152 1251 4208 contortam
1270 4160 1349 4207 esse

235 4264 399 4349 arbitror-t
435 4263 595 4328 Proxima
619 4262 707 4327 idem
730 4274 822 4328 recte
842 4263 974 4328 videtur
998 4261 1202 4328 distinxisse.

488 4382 1103 4511 imum=mmumm.
1365 4420 1409 4486 m

284 4566 519 4646 Eiusdem
543 4569 749 4647 Alexandri
775 4594 907 4647 cursor
928 4565 1144 4643 Philonides
1175 4571 1237 4635 rel.
