3567 5559
420 563 483 630 lat
888 563 990 632 nter
1011 561 1099 633 m.

418 749 582 816 cinctorio
608 748 661 814 uel
681 749 838 816 ductoria
860 751 925 816 sed
944 769 966 814 a
989 751 1142 816 cinctura
1165 747 1220 814 vel
1242 748 1386 814 tinctorc
1408 747 1544 812 ducen-

418 869 498 934 dum
530 877 598 946 est,
632 868 723 954 qnod
744 889 912 954 nunquam
941 867 1141 934 homicidam
1170 865 1361 952 significare
1393 865 1544 948 poterit.

418 985 542 1052 Melius
562 1006 646 1052 sane
661 988 848 1054 Salmasius
869 1010 901 1072 p.
913 987 987 1058 188.
1005 986 1046 1053 D.
1069 988 1105 1050 in
1118 988 1276 1052 cinctorio
1298 985 1454 1068 coniecit,
1480 1005 1547 1050 ve-

419 1127 492 1170 runa
522 1105 613 1190 qnod
641 1104 776 1188 linguae
806 1105 939 1191 quidem
971 1103 1101 1190 legibus
1132 1114 1393 1171 consentaneum
1404 1154 1415 1189 ,
1443 1103 1546 1167 idem

418 1224 534 1289 sensui
555 1222 654 1289 huius
673 1222 739 1288 loci
759 1222 862 1308 plane
890 1231 945 1288 est
973 1223 1187 1288 contrarium.
1240 1222 1358 1307 Neque
1379 1223 1469 1285 enim
1496 1223 1548 1287 de
1626 1210 1627 1252 ³

418 1341 546 1409 crudeli
566 1343 690 1421 animo,
709 1364 808 1428 qnam
829 1343 983 1427 proximo
1001 1343 1172 1407 enuntiato
1194 1353 1545 1424 commemoraverat,

419 1462 483 1528 sed
509 1463 552 1526 de
579 1461 740 1545 snperbia
762 1459 907 1524 bumana
928 1449 1074 1544 loquitur
1098 1457 1236 1526 Plinius.
1288 1459 1407 1521 Tincta
1425 1457 1547 1547 plor-ic

417 1582 538 1646 audaci
559 1583 739 1646 mutatione
762 1579 976 1645 scribendum
996 1598 1076 1645 esse
1098 1577 1245 1662 Silligins
1268 1577 1413 1660 putavit,
1434 1578 1547 1662 quasi

417 1719 501 1764 vero
527 1709 585 1763 ant
609 1700 653 1764 de
675 1697 807 1785 gloriae
836 1699 993 1784 cupidine
1020 1717 1130 1784 neque
1156 1698 1199 1762 de
1224 1699 1335 1762 animo
1365 1717 1544 1782 prospera
1627 1785 1628 1788 Ἴ

416 1819 551 1886 fortuna
578 1819 694 1884 inllato
720 1839 833 1884 sermo
862 1829 957 1884 esset
985 1829 1044 1882 aut
1072 1817 1192 1882 mentis
1223 1813 1361 1893 affectu,
1391 1815 1412 1878 i.
1426 1835 1456 1879 e.
1485 1817 1547 1881 sui

417 1939 561 2024 quadam
589 1950 687 2023 parte
712 1959 778 2004 nec
802 1959 841 2004 re
867 1939 1011 2025 quadam
1034 1948 1174 2002 externa
1195 1935 1326 2000 animus
1346 1935 1427 2018 tingi
1449 1957 1546 2018 pos·

417 2069 480 2125 set.
535 2055 682 2122 Codices
706 2069 818 2122 autem
847 2057 894 2120 ita
922 2056 1072 2120 scribunt
1104 2051 1274 2138 (nonnulli
1300 2061 1409 2116 tamea
1437 2053 1546 2118 inse-

416 2175 531 2260 runt):
562 2175 594 2240 R
616 2197 658 2239 ca
676 2197 804 2262 semper
826 2176 997 2257 ductoria,
1019 2174 1168 2240 Murbac.
1189 2173 1289 2240 codd.
1306 2172 1408 2236 Turn.
1426 2170 1544 2238 Hard.

416 2307 444 2360 θ
465 2293 559 2354 eaba
581 2312 710 2375 semper
736 2291 905 2368 anem,
934 2292 1034 2358 codd.
1056 2290 1157 2357 Voss.
1184 2291 1281 2354 *cuins
1308 2311 1434 2376 semper
1459 2292 1544 2354 cin·

320 2391 330 2404 ”
417 2408 531 2490 cloria,
550 2408 650 2473 codd.
668 2407 770 2472 Barb.
784 2406 859 2472 Gel.
879 2408 932 2472 Td
952 2407 1037 2493 Reg.
1051 2408 1081 2472 2.
1095 2429 1152 2493 ap.
1168 2407 1270 2474 Hard.
1290 2408 1385 2470 cuins
1403 2427 1545 2492 smper

416 2524 565 2590 ambria.
596 2524 742 2588 Primam
759 2524 860 2608 igitur
874 2545 916 2600 eo
930 2545 1099 2609 peccasse
1112 2527 1268 2591 videntur
1278 2524 1416 2608 librarii,
1437 2528 1542 2608 quod

416 2641 563 2708 nltimam
592 2642 798 2727 pronominis
827 2642 922 2709 enata
950 2639 1094 2706 litteram
1128 2663 1234 2727 pravo
1266 2641 1542 2729 reduplicarnnt,

416 2759 538 2826 deinde
561 2759 724 2846 gliscente
747 2759 844 2838 vitio,
865 2781 965 2844 quum
985 2759 1032 2824 ita
1053 2758 1251 2824 vocabulum
1269 2743 1397 2846 semper
1417 2771 1541 2827 natum

417 2890 522 2963 esset,
542 2891 711 2945 extremas
724 2878 876 2964 syllabas
898 2897 985 2963 quae
1000 2897 1067 2942 non
1084 2877 1149 2942 nisi
1170 2877 1356 2941 terminatio
1370 2877 1541 2962 longioris

415 3001 512 3064 vocis
522 3009 650 3081 essent,
661 3019 722 3082 pro
735 2998 836 3081 pleno
850 2994 1015 3061 vocabulo
1030 2995 1217 3059 babuerunt
1227 3005 1328 3081 atque
1339 3017 1383 3061 ex
1395 2997 1540 3083 ingenio

417 3117 597 3184 emendare
619 3118 731 3182 conati
753 3127 840 3182 sunt
883 3117 983 3192 Quod
1008 3116 1039 3178 si
1061 3115 1169 3180 animo
1191 3117 1420 3199 reputaveris,
1453 3139 1539 3202 pro-

415 3238 504 3302 xime
527 3236 569 3299 ad
584 3256 698 3300 veram
720 3236 921 3320 scripturam
943 3255 1017 3298 eam
1039 3235 1207 3300 accedere
1228 3232 1406 3320 intelligeS‚
1429 3255 1539 3319 quarn

321 3403 333 3428 ,
415 3351 529 3415 ultimo
556 3349 631 3415 loco
663 3351 778 3435 posui,
811 3370 854 3413 ac
882 3351 989 3433 prima
1021 3348 1152 3434 syllaba
1174 3361 1299 3416 mutata
1320 3353 1538 3436 aptissimum

415 3469 613 3533 adiectivum
647 3465 867 3532 nancisceris.
926 3465 1015 3538 Quid
1047 3466 1171 3530 multa?
1205 3470 1422 3535 scribendum
1455 3484 1537 3539 est:

402 3589 509 3651 ‘caius
537 3583 804 3671 imperatoria
824 3591 874 3646 est
891 3604 992 3648 niens.
1036 3581 1243 3652 Gradatione
1267 3590 1353 3653 enirn
1374 3610 1458 3656 usus
1474 3606 1538 3658 est

415 3703 540 3768 Plinius
560 3701 730 3766 rhetorico
752 3699 868 3784 generi
887 3700 1018 3765 dicendi
1034 3723 1193 3790 perquam
1207 3709 1471 3785 accommodata,
1494 3723 1536 3775 ut

414 3824 458 3889 ad
491 3841 653 3890 summam
684 3819 764 3886 elati
798 3819 898 3889 animi
928 3822 1099 3886 vesaniam
1133 3824 1294 3907 gradibus
1327 3827 1532 3911 quibusdam

414 3947 624 4012 ascenderes
674 3944 854 4027 inceperat
871 3962 892 4005 a
912 3943 1065 4026 eorporis
1086 3941 1227 4020 viribus,
1254 3955 1320 4008 tum
1336 3943 1403 4010 loci
1422 3944 1532 4011 liora·

413 4064 493 4128 tiani
515 4062 658 4147 (Satll.
672 4060 774 4145 ⁶249)
796 4081 923 4125 memor
944 4061 989 4125 ad
1011 4060 1160 4127 alumnos
1181 4061 1364 4144 Fortunae,
1384 4066 1441 4149 qui
1462 4067 1531 4132 iam

413 4179 553 4244 filiieius
567 4178 719 4244 esaesibi
732 4176 944 4260 videbantur,
965 4180 1090 4262 pergit3
1113 4182 1230 4246 transit
1250 4181 1371 4246 deinde
1393 4184 1436 4246 ad
1454 4203 1531 4264 eos,

413 4297 470 4385 qui
489 4315 529 4360 se
547 4296 591 4358 ad
613 4294 840 4376 imperandum
861 4304 960 4359 natos
982 4313 1060 4359 esse
1080 4297 1339 4380 arbitrabantur,
1360 4301 1455 4385 ipsos
1471 4305 1530 4369 im.

414 4427 591 4506 peratores
617 4423 652 4476 ct
678 4412 734 4496 qni
763 4408 837 4476 sore
865 4423 902 4474 ut
922 4411 1190 4496 adipiscerentur
1212 4417 1385 4503 imperium
1406 4443 1528 4507 spera·

413 4540 506 4620 bant,
519 4542 699 4624 postremo
714 4526 885 4614 Caligulas
908 4539 942 4596 et
961 4526 1109 4616 reliquos
1130 4531 1312 4618 significat,
1332 4538 1405 4626 qui,
1426 4561 1529 4627 quum
