3567 5559
702 537 804 604 Liber
824 538 892 604 11.
938 603 947 610 ,
1291 535 1353 602 lus

270 723 373 822 gius
406 724 586 823 spotinm3
637 723 775 800 iidem
821 724 941 812 mium
979 725 1169 817 sollertes,
1217 725 1351 822 quibus

272 859 530 936 obesissimus
552 874 694 938 venter.

310 1008 395 1074 Duo
417 1011 605 1077 animalium
625 1032 752 1098 genera
773 1013 930 1098 distingui
952 1011 1163 1078 manifestum
1185 1019 1248 1089 est,
1269 1030 1348 1094 qus-

207 1139 376 1213 propter
397 1131 611 1194 scribendum
634 1129 876 1212 censeoiteru
897 1151 959 1215 pro
982 1128 1090 1213 iidem,
1112 1148 1254 1215 quocum
1269 1125 1347 1194 alibi

205 1265 366 1330 quoque
388 1267 424 1315 v.
446 1267 480 1316 c.
501 1245 613 1332 §.ild
636 1244 860 1311 confunditur.

523 1481 528 1489 .
636 1413 940 1509 255=4o,1oo.
1063 1373 1066 1381 ’
1360 1434 1422 1502 m

269 1551 399 1638 Talus
423 1574 546 1639 eutem
567 1575 694 1640 rectus
717 1565 834 1640 estin
858 1564 1023 1641 articulis
1045 1564 1151 1665 pedis
1178 1577 1340 1643 ventre

265 1698 446 1774 eminens
473 1725 672 1795 concavo,
699 1699 737 1774 in
763 1703 936 1775 vertebra
957 1699 1103 1800 ligatus.

306 1848 422 1916 Recte
446 1849 676 1920 Sclrneiderus
705 1850 800 1917 cuius
821 1849 906 1916 libro
931 1869 1036 1934 segre
1063 1867 1183 1928 careo,
1210 1851 1340 1938 Silligio

208 1981 311 2036 teste
340 1989 478 2036 sensum
506 1971 591 2056 loci,
622 1971 901 2058 queamdmodum
928 1989 1018 2035 nunc
1045 1967 1178 2053 quidem
1206 1967 1339 2052 legitur,

208 2086 373 2172 ineptum
397 2099 430 2167 et
450 2087 571 2155 fulsum
593 2091 690 2170 dicit,
714 2101 808 2156 reete
832 2090 920 2155 idem
941 2109 1005 2175 pro
1024 2107 1165 2152 corrcouo
1185 2086 1338 2154 scriben-

206 2208 299 2274 dum
336 2209 469 2276 censuit
503 2230 685 2274 concauus:
722 2220 776 2276 est
802 2210 889 2275 renim
916 2208 1104 2276 contrarius
1132 2217 1228 2272 recto
1258 2205 1335 2271 tulo.

208 2323 370 2391 Prorsus
396 2338 507 2392 nutem
534 2328 755 2395 intolerabilis
778 2338 887 2396 restut
913 2351 980 2395 vox
1006 2336 1135 2404 neutre3
1162 2347 1238 2392 num
1266 2327 1333 2394 tulo

209 2462 298 2506 cum
324 2455 441 2509 ventre
461 2444 541 2510 nibil
564 2467 738 2512 conrnune
761 2457 824 2513 est.
876 2445 1000 2512 Plinius
1027 2457 1105 2510 ante
1129 2444 1248 2512 oculos
1271 2445 1333 2512 ba-

209 2560 289 2624 buit
304 2560 500 2626 Aristotelis
519 2562 632 2628 locum
646 2554 838 2632 Histonim.
852 2564 892 2627 ll.
906 2565 938 2631 l.
949 2586 981 2648 p.
991 2562 1065 2630 499.
1081 2565 1111 2628 b.
1122 2563 1174 2626 27.
1191 2564 1245 2647 qui
1266 2559 1332 2646 ’ἔχει

210 2676 236 2742 δ’
254 2675 375 2763 ὀρθὸν,
394 2678 508 2764 inquit,
529 2677 586 2747 τὸν
603 2679 814 2768 ἀστράγαλον
834 2681 870 2746 ἓν
884 2680 923 2765 τῇ
936 2679 1063 2765 καμπῇ,
1085 2677 1119 2744 τὸ
1138 2677 1199 2764 μὲν
1215 2677 1332 2764 πρανὲς

209 2791 285 2881 ἔξω,
307 2795 344 2863 τὸ
361 2799 389 2864 d
405 2792 517 2866 ὕπτιον
538 2793 623 2865 εἴσω.
646 2801 753 2876 Quem
773 2810 847 2864 utut
866 2799 972 2864 libere
995 2805 1029 2862 et
1050 2795 1201 2860 sortasse
1224 2796 1331 2862 minus

209 2926 308 2980 recte
328 2915 568 3002 interpretatus
590 2926 654 2999 est,
676 2916 879 2980 exteriorem
899 2924 1009 2978 tamen
1032 2911 1128 2995 pedis
1142 2924 1270 2998 purtem
1286 2916 1329 2979 nb

209 3053 253 3098 co
270 3052 361 3119 quoe
376 3033 542 3100 introrsus
556 3030 715 3111 flectitur,
731 3029 924 3096 distinxisse
939 3029 1107 3114 putandus
1121 3040 1184 3098 est.
1217 3031 1328 3120 Atque

209 3150 240 3214 is
254 3168 381 3215 sensus
391 3151 535 3216 orationi
546 3146 741 3231 restituitur,
762 3145 818 3210 nbi
831 3142 920 3210 sacili
935 3146 1115 3212 mutatione
1131 3147 1326 3232 scripseris:

254 3269 361 3333 Talus
381 3277 492 3332 nutem
512 3276 622 3332 rectus
642 3274 691 3330 est
709 3268 745 3330 iu
758 3264 906 3330 articulis
924 3265 1017 3352 pedis
1037 3275 1149 3338 retro
1168 3266 1324 3352 eruissetis,

252 3408 435 3453 coueuous
458 3388 494 3450 iu
513 3384 662 3450 vertebra
684 3385 811 3473 ligatus.

294 3508 346 3570 ltu
375 3508 555 3590 opponitur
587 3516 701 3571 rectus
732 3504 818 3572 talus
851 3526 1024 3585 corrcovo,
1058 3503 1113 3572 ille
1143 3505 1197 3592 qui
1229 3517 1341 3578 retro¹

210 3627 332 3689 embret
353 3627 384 3693 ei
406 3625 462 3710 qni
483 3625 613 3691 flexura
632 3624 762 3691 articuli
782 3624 947 3712 alligatur.
998 3624 1139 3690 Videtur
1159 3636 1269 3692 sutem
1290 3625 1321 3690 is

209 3744 265 3826 qui
284 3750 403 3806 oeutre
419 3741 574 3826 scripsit,
598 3745 788 3808 vertebram
809 3743 940 3825 spinum
961 3742 1178 3810 intellexisse.
1223 3742 1320 3808 Cete-

209 3881 280 3926 rum
302 3860 405 3945 poulo
426 3881 533 3946 supro
554 3861 600 3925 ita
620 3858 923 3943 interpungendum
946 3867 1034 3922 erat:

257 3978 467 4077 cornigera
493 3978 574 4052 fere
607 3977 764 4071 bisulca,
796 3973 916 4053 solido
943 3975 1078 4074 ungulo
1103 3985 1144 4050 et
1165 3974 1316 4062 bicorne

256 4115 417 4208 nullum,
439 4113 617 4189 unicorne
638 4112 764 4191 osium
785 4125 925 4189 tuntum
952 4111 1116 4208 Indicus,
1139 4112 1315 4194 unicorne

255 4263 295 4326 et
317 4250 501 4326 bisulcum
527 4276 635 4350 oryx.

287 4385 377 4450 Num
398 4406 497 4472 quom
519 4385 698 4470 cornigera
715 4380 789 4449 sere
815 4384 924 4449 omnia
943 4382 1071 4450 bisulca
1094 4406 1172 4453 esse
1194 4388 1314 4452 dixerit

208 4503 349 4588 Plinius,
375 4501 472 4570 voris
497 4521 627 4588 genero
652 4501 699 4567 its
729 4501 916 4588 distinguit,
952 4513 988 4570 nt
1013 4504 1162 4572 bicornia
1192 4505 1312 4580 omnia,
