3567 5559
721 546 823 615 labet·
843 549 930 619 m.
1319 549 1381 616 131

299 733 428 834 Gyge
443 757 535 834 rege
556 743 644 809 tune
657 731 884 836 amplissimo
899 747 1085 813 terrarum
1099 735 1256 812 consulti
1280 735 1380 835 (dei)

303 872 472 972 Aglaum
495 869 740 968 Psophidium
768 895 853 945 esso
878 871 1097 947 feliciorem.
1376 861 1379 871 ’

341 1039 526 1115 Quomodo
538 1035 660 1101 lactum
674 1037 718 1101 sit
731 1047 767 1102 ut
777 1036 874 1101 Plinii
888 1049 1009 1102 auctor
1019 1037 1149 1124 Gygam
1162 1060 1225 1124 pro
1237 1037 1378 1124 Croeso,

245 1182 315 1246 pro
334 1159 471 1226 Solone
491 1153 679 1241 Apollinem
701 1155 809 1240 ipsum
830 1157 1036 1233 nominaret,
1062 1167 1214 1221 nostrum
1236 1178 1302 1222 non
1326 1167 1378 1224 est

246 1279 439 1364 inquirere.
483 1272 698 1339 Manifestum
724 1285 835 1337 tamen
861 1285 915 1337 est
938 1273 1056 1358 Croesi
1082 1284 1226 1337 aetatem
1254 1274 1376 1360 signifi·

247 1395 354 1474 cari,
382 1413 449 1480 qua
470 1390 614 1476 Aglaum
645 1390 771 1454 vixisse
795 1389 982 1454 Pausanias
1009 1389 1090 1454 Vlll.
1117 1390 1170 1462 Ἃ.
1193 1393 1222 1458 7.
1252 1392 1375 1460 refert:

247 1517 374 1600 itaque
401 1531 501 1598 quem
525 1510 661 1575 Pedium
687 1505 849 1594 appellari
872 1510 1022 1574 videmus
1044 1510 1209 1577 homiuem
1232 1533 1374 1597 prorsus

246 1638 429 1720 ignotum,
454 1632 597 1696 eundem
619 1649 760 1694 esseae
781 1627 909 1693 'lelium
931 1627 1172 1698 Atheniensem
1197 1631 1240 1696 ab
1265 1629 1372 1695 Hero·

247 1753 335 1817 doto
359 1750 464 1818 130.
492 1750 663 1814 laudatum
688 1749 752 1814 iam
780 1747 953 1814 Pintianus
981 1749 1223 1815 animadvertit.
1275 1747 1373 1814 Uter·

248 1893 318 1957 qne
351 1870 443 1935 enim
473 1891 538 1953 pro
566 1870 675 1953 patria
699 1868 906 1932 occubuerat
938 1879 971 1931 et
1000 1869 1132 1954 quidem
1160 1866 1312 1951 proxime
1339 1867 1372 1932 in

248 2010 374 2077 pugna
404 1990 448 2053 ad
472 1989 663 2054 Eleusinem
693 1986 873 2052 commissa
903 2007 977 2050 cum
1005 1985 1117 2051 lausto
1143 1983 1221 2051 belli
1246 1984 1372 2051 Solone

248 2121 398 2173 auctore
419 2117 540 2171 eontra
562 2103 787 2189 Megarenses
813 2104 855 2168 de
885 2082 1055 2169 Salamine
1085 2102 1192 2168 insula
1220 2106 1372 2189 suscepti

252 2236 384 2292 eventu
404 2224 593 2290 coniuncta.
637 2225 755 2311 Neque
773 2234 885 2289 tamen
899 2245 931 2290 .v.
946 2223 1084 2288 Pedium
1101 2224 1134 2289 in
1154 2222 1280 2287 hbllum
1303 2246 1370 2290 mu·

253 2345 395 2408 tandum
427 2353 497 2420 est,
528 2343 651 2430 quippe
679 2343 767 2427 quod
790 2343 834 2408 ad
857 2342 918 2406 viri
938 2340 1109 2408 fortissimi
1131 2344 1270 2428 patriam
1293 2366 1369 2429 spe·

250 2475 350 2529 ctare
371 2462 536 2527 videatur.
584 2465 703 2536 Πεδιεῖς
724 2461 809 2524 enim
831 2479 970 2547 campos
989 2462 1032 2525 ab
1054 2461 1137 2525 urhe
1159 2461 1368 2546 Megaridem

249 2601 379 2646 versus
401 2581 485 2644 sitos
506 2575 689 2642 incoluisse
710 2589 858 2663 constat,
888 2577 933 2645 cl.
956 2578 1110 2664 Thucyd.
1130 2579 1153 2644 l.
1169 2578 1221 2646 55.
1235 2579 1278 2645 al.
1320 2581 1368 2646 lbi

249 2699 356 2784 igitm
368 2715 443 2760 cum
455 2695 669 2760 nobilissimis
681 2696 809 2765 civibus
825 2696 885 2781 (cl.
898 2697 1024 2765 Herod.
1034 2698 1058 2763 1.
1068 2697 1121 2780 59,
1133 2697 1216 2761 Plut.
1231 2697 1367 2785 Sol-13)

249 2813 373 2880 Tellus
401 2792 575 2878 habitasse
603 2825 703 2898 atque
733 2813 811 2878 inde
838 2814 882 2878 ad
905 2812 1068 2901 proelium
1092 2813 1265 2899 proiectus
1289 2835 1368 2882 esse

250 2906 507 3016 putandusest.
550 2931 705 3019 Apparet
725 2931 824 3013 igitur
846 2938 905 2993 aut
922 2928 1156 3019 Pediumfflsive
1178 2930 1288 3016 potius
1307 2932 1368 2996 Pc-

250 3051 389 3114 aiam
411 3049 453 3113 ab
468 3046 608 3114 oraculo
623 3020 803 3113 obscurius
823 3057 979 3112 vocaturn
993 3068 1071 3113 esse
1088 3058 1146 3113 aut
1166 3049 1256 3137 quod
1278 3051 1367 3138 equi·

252 3171 335 3232 dem
357 3167 573 3252 praetulerim
592 3163 803 3232 scribendum
827 3183 924 3229 essee

614 3284 763 3348 Tellusa
784 3282 1007 3350 Pediocum.

499 3500 503 3508 ·
643 3452 871 3549 ·154=48,
886 3453 948 3528 49.
1385 3477 1446 3545 164

303 3604 525 3684 Hellanicus
561 3587 739 3702 quosdam
770 3605 808 3680 in
843 3603 991 3681 Aetolia
1022 3603 1204 3705 Epiorum
1244 3606 1365 3708 gentis

305 3743 372 3820 00
399 3741 564 3844 (annos)
592 3739 764 3840 explere,
800 3739 861 3814 cui
891 3739 1136 3838 adstipulatur
1166 3735 1364 3817 Damastes

303 3901 515 3956 memorans
531 3875 800 3984 Pictoreum
824 3898 873 3948 ox
891 3872 937 3947 iis
951 3872 1193 3974 praecipuum
1208 3854 1365 3978 corpore

303 4014 520 4110 viribusque
547 4011 657 4086 etiam
686 4009 784 4086 CCC
811 4007 964 4086 vixisse.

335 4165 438 4251 Apud
460 4161 633 4227 Valerium
654 4160 835 4226 Maximum
857 4158 941 4228 Vlll.
961 4157 1010 4226 13.
1033 4159 1065 4244 6,
1085 4159 1182 4226 ouius
1200 4165 1365 4232 narratio.

249 4305 327 4352 nem
352 4283 477 4349 Plinius
499 4279 699 4364 exscripsit,
729 4278 916 4357 „Litorium
937 4277 1101 4365 quendam
1123 4300 1166 4346 cx
1188 4279 1241 4348 his
1263 4283 1364 4347 maxi·

249 4423 379 4469 munta
399 4399 518 4465 virium
540 4405 757 4482 staturaeque
779 4398 985 4482 praecipuae
993 4401 1015 4436 ‘⁶
1042 4399 1245 4466 nominatum
1267 4417 1365 4482 repe·

247 4522 369 4605 rhum,
397 4520 434 4587 ia
457 4515 552 4582 Plinii
580 4515 679 4582 eodds
701 4513 753 4579 'l'd
774 4511 972 4594 Pictor-iana,
1001 4515 1191 4582 nominibus
1211 4515 1365 4580 omuibus

1110 4646 1155 4711 9*
