3567 5559
607 653 615 678 '
720 698 812 760 ree
826 700 950 763 rrrr.
1327 699 1391 770 tet

255 891 421 958 munibus
458 892 604 958 habebut
638 891 775 958 eundem
819 894 1008 979 scripturum
1035 895 1146 962 fatue
1187 894 1391 983 Quoproptet

257 1009 486 1076 scribendum
510 1018 576 1076 eet:
1141 1047 1148 1055 ·

298 1165 343 1175 -
368 1133 536 1192 adstrictis
563 1123 680 1192 ceteris'
699 1133 880 1202 cisceritur;
909 1149 939 1206 q.
966 1147 992 1192 e.
1018 1148 1049 1190 a.
1075 1151 1105 1191 a.
1127 1149 1151 1190 e.
1169 1135 1390 1218 'metendique

299 1250 486 1326 efficacior,
507 1251 537 1309 t.
550 1266 575 1310 e.
585 1251 663 1308 vires
679 1256 777 1308 autem
795 1267 964 1325 prunorum
987 1247 1053 1322 (ric
1073 1267 1090 1308 r
1108 1244 1156 1323 E)
1169 1253 1390 1332 proponuntur

299 1371 424 1428 autem
438 1383 630 1450 prunorum
653 1383 752 1427 cca.
763 1369 1034 1428 vitium-siccent
1048 1369 1118 1427 t...
1140 1371 1172 1428 tu
1191 1371 1286 1429 ortuo
1296 1371 1389 1446 potis·

565 1517 577 1525 -
690 1485 969 1571 ror=12ce
1409 1457 1469 1527 ⁶21

311 1613 468 1717 Spinae
498 1616 723 1716 [Aegyptiae
742 1608 834 1698 sive]
860 1613 1046 1692 Arabicae
1071 1612 1204 1693 laudes
1230 1616 1267 1693 in
1294 1616 1388 1696 cdo-

310 1772 401 1824 rum
432 1747 521 1826 loco
548 1748 720 1824 diximus.

348 1879 469 1946 Unam
492 1880 628 1964 epincm
659 1878 831 1944 Arabicum
861 1877 1065 1943 Dioscorides
1087 1881 1138 1946 ΠΙ.
1161 1880 1202 1947 13
1233 1881 1387 1965 nominat,

262 1997 341 2070 item
365 1971 405 2062 iu
430 1996 535 2062 indice
556 1997 627 2063 libri
650 1998 750 2062 nostri
771 1997 848 2063 boni
867 1995 996 2061 codices
1016 1995 1117 2062 RVe
1139 1996 1180 2062 de
1200 2006 1292 2080 spirea
1307 2007 1386 2064 Arc·

264 2118 334 2178 ticc
359 2114 438 2180 ecla
458 2117 645 2200 loquuntur:
688 2114 858 2179 verisimile
893 2121 943 2179 eet
976 2113 1091 2199 igitur,
1125 2113 1177 2178 hic
1198 2136 1324 2204 quoque
1346 2115 1387 2182 <le

179 2238 183 2275 ἱ
266 2232 387 2298 cedem
414 2233 510 2318 spine
531 2232 599 2317 agi:
633 2238 729 2317 etque
758 2251 792 2293 re
820 2251 897 2294 vere
927 2237 1036 2308 spinae
1059 2238 1208 2297 Arabicae
1237 2234 1386 2320 genetivo

266 2371 346 2414 casu
371 2349 404 2413 V
422 2350 476 2414 ed
497 2348 632 2429 habent,
657 2341 774 2412 additis
795 2346 901 2412 verbis
922 2355 1011 2428 spina
1026 2357 1174 2433 Aeoyptta
1190 2350 1257 2434 Va,
1279 2357 1387 2434 spinae

179 2475 181 2480 ’
268 2475 445 2550 Aeqyptiae
467 2467 505 2548 d,
544 2488 572 2532 v.
594 2471 657 2529 sice
677 2472 783 2529 utrum
804 2467 837 2528 in
860 2465 929 2530 cod.
955 2459 1157 2532 Murbeeenei
1185 2468 1281 2533 fuerit
1303 2487 1386 2535 cue

179 2593 181 2600 '
270 2582 432 2650 (lomatio
456 2585 497 2648 ed
520 2574 628 2648 Dioec.
651 2577 671 2649 l.
694 2578 715 2646 l.
738 2583 935 2667 suppletum,
970 2605 1055 2647 nunc
1077 2580 1243 2649 diiudicari
1265 2584 1385 2673 nequit.

178 2709 180 2745 2
272 2703 405 2768 Scilicet
427 2701 514 2766 idem
535 2701 635 2765 veteri
657 2699 753 2763 alicui
775 2701 983 2785 grammatico
1000 2702 1161 2768 acciderat
1177 2701 1262 2788 quod
1284 2723 1387 2789 nuper

181 2823 183 2830 '
273 2819 408 2906 Silligio.
452 2819 565 2904 Neque
587 2819 671 2882 enim
693 2813 816 2882 Plinius
837 2817 866 2880 h.
888 2817 908 2881 l.
931 2796 1020 2880 X111.
1044 2817 1098 2897 63,
1134 2802 1188 2881 ubi
1223 2817 1263 2883 de
1293 2819 1386 2902 spine
1422 2853 1426 2862 ·

179 2919 181 2979 ἶ
275 2937 441 3023 Aegyptia
461 2931 560 3001 verbe
580 2931 716 3016 feceret,
752 2934 811 2998 scd
831 2931 907 2999 XII.
929 2932 970 3001 67
991 2941 1024 2998 et
1045 2935 1086 3002 72
1114 2934 1296 3020 retpexieec
1326 2941 1384 3022 pu·

180 3087 182 3095 ·
278 3055 394 3119 turdus
425 3061 490 3134 eet,
529 3052 585 3115 ubi
613 3071 751 3126 murram
784 3059 816 3115 et
837 3050 1015 3116 mastichen
1042 3051 1074 3115 in
1098 3051 1219 3116 Arabio
1253 3051 1385 3138 etplnc

279 3173 368 3235 uteci
391 3172 526 3236 clueret.
569 3168 660 3232 Illius
687 3154 828 3256 δένδρου
853 3172 1034 3253 γενομένου
1056 3165 1094 3236 ἐν
1111 3165 1250 3259 Ἀραβίᾳ
1266 3165 1385 3255 ὁμοίου

179 3322 180 3326 =
279 3293 314 3376 τῇ
337 3288 537 3378 αἶγυπτιακῇ
567 3284 699 3375 ἀκάνθῃ
721 3285 817 3349 ctiam
840 3259 1047 3350 Dioscoridcl
1071 3287 1094 3352 l.
1117 3289 1158 3355 77
1191 3287 1385 3354 molitionem

282 3403 365 3486 fucit.
394 3404 641 3491 =Superecripta
672 3400 768 3488 igitur
800 3403 832 3465 in
866 3402 1040 3489 archetypo
1073 3403 1154 3469 libro
1184 3405 1251 3470 eive
1278 3406 1388 3492 glorta

283 3519 346 3586 eivc
367 3521 475 3610 potius
496 3527 679 3588 correctura
704 3525 792 3600 spina
816 3527 965 3602 Aeqyptto
987 3520 1110 3605 fueret,
1138 3540 1221 3608 queo
1250 3519 1326 3586 inde
1354 3521 1387 3586 iu

285 3646 465 3705 contextum
486 3642 668 3702 nostrorum
689 3637 841 3701 librorum
862 3637 1000 3722 irrepsit.

709 3759 777 3832 109
787 3782 833 3817 =
849 3757 968 3846 1267.
1408 3753 1472 3830 622

330 3888 377 3966 ut
401 3889 527 3966 acacia
552 3911 573 3963 e
600 3887 707 3987 spina
743 3887 783 3963 iit
807 3889 845 3962 in
870 3889 1050 3989 Aegypto
1084 3886 1169 3964 albe
1194 3886 1387 3989 nigraque,

333 4023 462 4100 arbore
488 4021 574 4097 item
601 4019 719 4110 viridi,
744 4020 815 4097 sed
840 4019 955 4122 longe
972 4019 1101 4097 melior
1121 4027 1179 4098 est
1192 4019 1389 4120 prioribus,

363 4154 480 4220 Nescio
504 4166 561 4218 cur
581 4152 735 4216 librorum
755 4151 848 4218 MSS.
870 4152 966 4217 lectio
989 4157 1029 4216 Et
1059 4159 1187 4218 ccccm
1208 4202 1216 4218 .
1240 4203 1248 4222 .
1269 4159 1391 4220 meliore

293 4268 406 4350 (muer
426 4292 443 4335 e
462 4270 514 4335 od
534 4275 685 4334 mliorem
701 4267 750 4350 V)
775 4252 821 4334 ab¹
838 4269 1015 4337 editoribus
1036 4277 1146 4356 uptote
1166 4271 1221 4338 uit.

771 4385 907 4453 ibidem.
1411 4391 1473 4464 823

335 4505 470 4585 Semen
496 4563 505 4580 .
533 4564 542 4578 .
570 4563 579 4579 .
606 4502 794 4604 colligitur
830 4513 1027 4596 autumno,
1066 4513 1151 4582 ente
1190 4503 1390 4583 collectum

275 4647 301 4710 '·
334 4641 443 4721 uiuuo
470 4637 639 4716 validius.
670 4635 859 4739 Spissetur
884 4661 998 4716 sucus
1024 4661 1072 4714 ex
1097 4633 1273 4714 folliculis
1292 4656 1391 4738 aque
