3567 5559
425 671 488 740 104
877 673 969 738 liter
988 674 1080 738 rat.

427 875 464 936 ut
477 876 591 964 neuter
601 869 693 934 alteri
706 875 874 957 praestare
892 868 1040 936 videatur
1055 867 1212 954 nobisque
1228 890 1250 934 e
1269 889 1314 934 re
1330 868 1413 953 ipsa
1424 863 1548 928 liberum

425 988 577 1056 iudioium
597 987 764 1074 relinquat
1044 962 1048 969 ⁵
1446 971 1452 975 ’

343 1095 405 1163 447
507 1105 580 1196 Μ
603 1106 677 1174 eta
703 1107 789 1172 mala
817 1107 913 1194 vulgo
940 1106 1195 1204 interpunotione
1224 1105 1410 1172 laborant.
1455 1100 1551 1176 Quum

426 1203 512 1291 enim
534 1225 606 1291 oola
633 1230 828 1292 inenarrabili
846 1231 959 1305 florum
979 1261 1021 1272 -
1040 1229 1203 1292 subtilitate
1225 1232 1259 1290 et
1281 1229 1355 1290 sed
1376 1243 1422 1288 ne
1440 1227 1553 1302 piatas

425 1349 543 1424 quidem
563 1346 729 1422 sufficiente
750 1345 805 1410 rel.
826 1345 1037 1430 responsione
1059 1344 1263 1426 cohaereant,
1288 1342 1462 1429 sequitur
1481 1360 1553 1426 quae

426 1461 533 1526 media
554 1461 776 1526 interioiuntnr
802 1461 1005 1548 parenthesis
1036 1462 1109 1528 loeo
1133 1463 1259 1548 prolata
1280 1467 1325 1526 et
1355 1458 1495 1524 unoinis
1514 1457 1554 1559 in·

426 1579 586 1646 eludenda
608 1599 689 1645 esse.
713 1581 775 1666 §.3
795 1580 906 1646 neseio
929 1601 984 1644 eur
1005 1582 1068 1647 sJ.
1086 1579 1203 1645 bonam
1226 1580 1328 1646 oodd.
1357 1577 1554 1664 optimorum
1609 1606 1610 1637 ;

429 1698 619 1784 soripturam
639 1707 780 1779 stroppos
806 1698 1001 1784 reliquerint
1033 1735 1084 1807 —'
1130 1699 1180 1784 §§.
1202 1697 1309 1766 3-13
1341 1697 1385 1760 in
1417 1693 1554 1760 chresto
1609 1714 1611 1815 p

426 1816 548 1882 mathia
575 1837 607 1902 p.
628 1815 690 1884 209
712 1837 780 1902 sqq.
800 1815 945 1882 maetam.
987 1814 1083 1890 Quod
1108 1815 1153 1881 ibi
1179 1816 1273 1881 omisi
1294 1817 1329 1901 §.
1357 1815 1409 1882 12
1431 1811 1553 1878 initium
1609 1830 1610 1857 ³

430 1941 504 2000 anta
527 1933 593 2000 sill.
617 1933 817 1999 emendatius
846 1932 1059 1999 scribebatur:
1102 1954 1202 1998 unum
1230 1932 1343 2020 addo,
1374 1953 1398 1997 e
1423 1929 1496 1996 eod.
1516 1927 1550 1992 R.
1609 1894 1611 1977 i

427 2052 566 2117 lectione
601 2058 779 2132 scripseram
812 2063 841 2115 et
877 2055 1044 2132 (scripsere
1063 2062 1093 2115 et
1113 2050 1162 2132 V)
1195 2049 1455 2128 restituendum
1487 2064 1553 2110 esse
1609 2028 1610 2087 l

426 2168 673 2254 summumst).

288 2298 293 2308 ’
343 2347 406 2423 ns
883 2337 1092 2425 aa=o‚1s.
1209 2296 1214 2302 ’

476 2463 648 2541 Proxima
675 2467 708 2542 ei
749 2465 958 2559 (Calatinae
984 2462 1126 2558 violae)
1165 2464 1287 2543 caltha
1312 2477 1375 2544 est
1406 2483 1546 2544 eonco-

476 2595 546 2675 lori
571 2597 829 2699 amplitudine,
868 2600 984 2676 vineit
1020 2621 1174 2678 numero
1218 2598 1398 2678 loliorum
1442 2593 1542 2674 mari·

477 2753 561 2807 nam
587 2731 660 2810 rel,

489 2868 643 2929 concolori
663 2863 712 2944 R,
734 2874 762 2927 et
783 2851 960 2930 ooamlcart
980 2862 1021 2946 V,
1053 2862 1139 2928 unde
1161 2862 1342 2929 Gronovius
1369 2874 1404 2928 et
1426 2861 1538 2928 cocus

428 2985 477 3044 art
498 2963 700 3064 amplitudine,
723 2981 815 3067 quasi
836 2981 876 3046 de
893 2981 1036 3046 remedio
1048 2979 1244 3046 medicorum
1260 2986 1425 3066 ageretur,
1443 2977 1535 3042 lmus

357 3167 363 3177 .
427 3117 510 3162 novo
532 3098 689 3164 voeabula
711 3101 886 3192 cunctatori
907 3104 1100 3180 amplitudine
1119 3097 1305 3181 elicuerunt,
1338 3097 1434 3163 obliti
1456 3088 1536 3158 soili-

426 3201 480 3280 oet
500 3215 631 3297 eoloris,
659 3216 713 3301 qui
734 3221 861 3300 praeter
883 3215 1125 3304 amplitudinem
1147 3221 1181 3280 et
1207 3215 1286 3280 lolia
1306 3214 1348 3280 ad
1371 3228 1533 3298 oompffl·

368 3387 371 3392 .
427 3330 547 3394 tionem
568 3331 718 3416 pertinet.
741 3331 858 3396 Deleta
879 3331 1097 3418 dittographia
1116 3338 1250 3398 eoootort
1270 3333 1446 3419 legendum
1465 3342 1531 3393 essa

427 3453 579 3532 apparete
1175 3462 1181 3472 '

469 3571 587 3650 cotors,
609 3568 812 3646 amplitudine.

344 3752 407 3821 449
555 3697 558 3704 Χ
699 3720 801 3794 29Ζ
818 3721 913 3807 6,16.
969 3717 1038 3809 (de
1065 3717 1259 3810 baasam).

477 3848 777 3948 quidam·errore
804 3846 897 3927 falso
923 3848 1152 3926 barbaricam
1178 3873 1258 3926 eam
1286 3849 1525 3950 appellabant.

511 3977 576 4042 Gur
597 3983 740 4065 quaeso?
762 3981 912 4068 quoniam
934 3980 1018 4068 apud
1039 3981 1289 4079 Aristophanem
1303 3981 1368 4046 tale
1389 3989 1523 4069 unguen·

338 4123 340 4127 ¹
427 4101 494 4157 tum
517 4104 793 4162 commemoratur.
836 4099 882 4162 At
902 4098 1021 4165 idoiroo
1044 4104 1209 4164 barbarica
1232 4119 1297 4164 non
1317 4106 1369 4164 est
1389 4095 1524 4166 basonis

426 4209 528 4290 radix,
551 4215 735 4277 boeotortoo
757 4232 829 4279 esse
851 4221 973 4299 potest,
1001 4215 1161 4304 βάκχαρις
1186 4216 1271 4281 enim
1303 4236 1324 4280 a
1344 4211 1523 4322 Dioscorida

391 4417 400 4440 x
426 4329 485 4396 III.
508 4332 550 4397 44
572 4335 712 4395 ¹vocatur.

483 4544 512 4606 ”t
534 4539 654 4594 Eandem
684 4523 866 4592 coniecturam
895 4537 1059 4604 liayhathns
1079 4556 1104 4608 p.
1125 4539 1178 4596 110
1202 4555 1266 4593 suu.
1285 4538 1320 4595 64
1345 4539 1431 4608 paulo
1459 4539 1521 4595 dubi
1609 4524 1610 4535 ¹

534 4649 636 4701 tentius
656 4644 776 4716 protulit.
951 4670 971 4722 .'
1450 4675 1457 4682 -
1573 4705 1577 4719 .
