3567 5559
691 735 783 800 Lt‘ber
803 737 837 798 Χ
842 735 891 798 VI.
1255 757 1257 762 ·
1300 737 1342 804 13

211 936 320 1014 taego
348 929 434 1014 egit,
464 912 744 1014 dunestaple.
776 927 842 993 ilioi
869 928 1015 1018 (πρίνῳ)
1039 933 1175 1013 quatuor
1195 929 1267 995 illes
1288 949 1341 996 res

192 1011 347 1128 tribuit,
374 1065 490 1110 verum
511 1037 680 1131 utramque
702 1045 847 1111 arborem
868 1044 973 1109 ilicem
997 1037 1341 1131 aquifoliametilioem

214 1163 418 1252 silvestrem
440 1183 460 1226 a
479 1161 823 1248 festinanteseriptore
834 1145 1172 1247 facillime'permutari
1186 1164 1340 1250 potuisse,

212 1279 351 1343 buxum
377 1284 413 1342 et
435 1278 540 1343 ilieem
562 1299 634 1343 oum
655 1279 843 1365 praesertim
864 1277 1079 1365 Theophrasti
1096 1271 1340 1367 verba-legeret,

214 1418 284 1462 non
315 1397 475 1482 potuisse
508 1395 660 1460 confundi
691 1403 834 1482 apparet.
887 1395 1003 1460 Restat
1032 1402 1068 1460 ut
1096 1397 1250 1483 originem
1270 1398 1365 1464 vitii.

215 1514 449 1600 indagemus·
479 1509 570 1587 Quae
592 1513 663 1577 talis
684 1513 810 1578 videtur
830 1512 947 1576 fuisse:
975 1511 1014 1576 In
1035 1513 1209 1600 archetypo
1229 1513 1339 1580 oodioe

215 1633 312 1695 euius
329 1630 488 1715 singulae
498 1629 604 1692 meae
615 1629 728 1713 viginti
750 1603 897 1715 quintanis
911 1631 963 1694 ver
980 1631 1122 1715 septenis
1134 1632 1248 1696 neem
1263 1653 1338 1698 σου.
1434 1673 1436 1682 ,

218 1748 360 1812 stabant
383 1746 470 1810 haee
491 1745 696 1832 legebantur:
739 1789 742 1796 ·

401 1863 509 1908 urmes
522 1845 655 1905 nasama
667 1865 747 1906 anno
761 1864 941 1908 mrsuoon

400 1953 465 1992 sarr
478 1951 517 1990 nr
535 1950 632 1992 arruns
646 1951 726 1994 surm
739 1954 778 1999 ar
792 1953 916 1994 aaaron
930 1952 1012 2002 ouon

399 2040 505 2082 auxum

400 2126 529 2168 noanon
542 2126 663 2168 noosnr
675 2147 703 2156 -
714 2147 742 2156 -

224 2212 320 2297 (nam
344 2213 391 2278 de
415 2212 573 2295 ouseulio,
596 2211 746 2298 quoniam
767 2211 1025 2298 Tbeophrastum
1038 2211 1161 2276 Plinius
1182 2212 1338 2300 interpre-

226 2336 329 2413 tatur,
359 2350 431 2394 non
457 2328 582 2394 videtur
597 2329 809 2414 cogitandum
831 2337 941 2413 esse),
963 2330 1050 2395 ooeoi
1072 2330 1157 2397 enim
1180 2329 1338 2398 Graecum

225 2466 346 2511 nomen
380 2446 584 2531 antiquarius
618 2447 832 2532 superscripto
869 2446 985 2514 Latino
1029 2448 1185 2513 voeabula
1228 2469 1337 2515 emen·

229 2563 302 2629 dare
325 2571 468 2629 conatus
491 2570 570 2631 erat.
615 2563 707 2628 Unde
728 2564 849 2628 fastum
871 2571 921 2629 est
941 2571 978 2629 ut
997 2565 1032 2629 in
1051 2567 1247 2650 superiorem
1268 2591 1337 2634 ver·

231 2701 298 2745 sum
324 2683 544 2768 reciperetur,
577 2682 678 2746 altera
707 2681 770 2746 vox
798 2681 841 2745 ad
867 2681 965 2745 finem
993 2681 1137 2747 eiusdem
1157 2685 1336 2752 retrudere·

231 2804 279 2862 tur
305 2807 341 2865 et
369 2800 416 2864 ad
442 2799 575 2864 verbum
602 2810 712 2863 vocant
731 2798 912 2865 referretur.
936 2837 974 2852 -
1019 2799 1133 2884 Itaque
1160 2802 1257 2867 verbo
1279 2807 1335 2867 to·

231 2922 296 2980 tent
314 2920 349 2982 iu
369 2917 569 3006 singularem
591 2936 759 3009 numerum
786 2915 918 2981 reducto
939 2922 1042 2981 totum
1061 2917 1167 2982 locum
1193 2919 1238 2984 ita
1259 2921 1336 2986 seri·

230 3033 368 3100 handum
392 3053 467 3100 asse
487 3053 621 3099 censeo:

267 3159 401 3232 plurima
426 3173 496 3219 vero
529 3161 710 3231 cretaceum
746 3173 815 3216 nam
842 3162 871 3215 et
903 3171 1001 3216 remen
1033 3173 1118 3216 suam
1153 3133 1335 3232 et'oranum

271 3277 501 3348 prodromum
521 3281 630 3336 vocant
649 3270 705 3335 rel.
729 3307 766 3318 -
788 3269 898 3334 habet.

312 3389 340 3470 ἓ.
354 3389 430 3456 122.
455 3389 619 3474 vulgatam
638 3387 809 3451 lectionem
824 3393 894 3452 aliia
915 3386 1062 3472 praefero
1075 3386 1219 3454 codicum
1239 3390 1336 3476 serip-

238 3505 321 3568 tmee
344 3513 437 3571 olias.

651 3711 912 3812 125=30,5'4.
1036 3820 1043 3830 ι
1356 3744 1418 3814 273

285 3884 524 3971 Ramesarum
549 3890 761 3983 (arborum)
806 3912 957 3966 cerasus
984 3888 1092 3965 etiam
1118 3889 1155 3964 in
1182 3887 1244 3966 XL
1271 3914 1336 3966 eu-

289 4017 442 4098 bitomm
479 4021 604 4098 trabes
636 4018 789 4119 'aequali
821 4043 889 4121 per
912 4027 1027 4101 totam
1054 4021 1167 4097 duum
1193 4021 1336 4100 cubito

288 4171 363 4229 rum
388 4152 632 4231 crassitudine
658 4153 847 4254 reperitur.

319 4316 571 4408 Theophrastum
598 4322 826 4407 interpretatus
849 4326 900 4385 est
919 4309 1051 4385 Plinius.
1072 4319 1134 4395 Qui
1156 4341 1253 4407 quum
1274 4321 1334 4388 ΙΠ.

253 4427 293 4492 13.
311 4436 339 4500 1.
359 4436 403 4516 εἷς
414 4443 644 4526 τέτταραςκαὶ
663 4424 771 4504 etanta
791 4438 907 4521 πήχεις
924 4458 1072 4502 cerasum
1089 4439 1273 4504 excreseere
1287 4437 1334 4502 di-
1374 4497 1376 4502 .

253 4547 331 4632 ¹0rlt,
350 4575 499 4620 numerus
521 4559 654 4618 XXXX
671 4555 705 4618 in
721 4559 863 4620 XXIIII
880 4555 1058 4640 corrigatur
1078 4560 1213 4640 oportet.
1255 4556 1335 4620 Item

256 4655 280 4738 l·
301 4666 359 4735 133.
379 4693 397 4737 e
419 4673 632 4759 Theophrasti
657 4673 729 4738 loeo
749 4671 807 4736 IV.
829 4672 879 4739 16.
901 4672 931 4740 2.
953 4692 1010 4758 pro
1031 4675 1200 4753 qaindecim
1220 4675 1336 4758 cubito-
