3567 5559
687 571 790 639 hiber
810 571 875 640 Vl.
1276 575 1338 638 117

267 759 439 858 Memphi
460 759 499 834 in
521 760 685 859 Aegypti
707 761 782 835 situ
803 759 978 853 diximus,
1005 760 1148 834 Arabas
1172 760 1335 836 condito-

269 923 335 971 res
357 897 508 971 babere.
554 875 650 972 Sunt
672 907 711 971 et
732 897 796 996 qui
816 895 1034 972 ulteriorem
1050 895 1168 997 ripam
1183 897 1334 973 Aethio-

267 1034 354 1134 piae
384 1035 555 1109 aaferant
587 1035 858 1133 adnectantque
887 1031 1060 1125 Africae3
1095 1031 1225 1132 ripas
1259 1057 1334 1106 au·

267 1180 358 1244 tem
380 1169 627 1247 incoluere
651 1181 845 1271 propter
871 1193 1042 1269 aquam.
1094 1169 1173 1244 Nos
1203 1168 1333 1244 relicto

266 1306 405 1405 cuique
433 1307 659 1408 intelligendi
683 1307 836 1383 arbitrio
872 1304 1009 1408 oppida
1037 1330 1110 1404 qno
1137 1303 1333 1380 traduntur

270 1441 401 1516 ordine
425 1444 610 1544 utrimque
636 1471 830 1545 ponemus.

300 1612 383 1676 luba
404 1633 504 1697 quum
524 1613 659 1678 Arabas
682 1633 790 1700 nsque
812 1614 855 1677 ad
877 1611 1017 1676 Meroen
1041 1609 1105 1675 Nili
1125 1611 1217 1696 ripas
1239 1609 1331 1675 inha-

182 1775 187 1778 -
214 1729 344 1793 bitasse
381 1729 567 1808 retulisset,
605 1731 660 1794 alii
695 1732 794 1795 etiam
822 1729 908 1794 nltra
936 1727 1077 1792 Meroen
1105 1749 1164 1793 eos
1195 1729 1329 1794 extendi

216 1848 408 1913 tradebant.
459 1847 532 1910 Hoc
557 1849 642 1912 enim
670 1848 748 1912 dicit
770 1847 913 1926 Plinius,
940 1866 1051 1930 neque
1073 1847 1265 1911 ulteriorem
1287 1847 1329 1910 ri·

214 1985 303 2049 pam,
325 1965 415 2050 qnod
440 1966 618 2029 arbitratur
640 1964 843 2042 llarduinns,
865 1960 1070 2038 orientalem,
1092 1963 1154 2027 sed
1177 1963 1329 2027 meridio-

213 2081 325 2147 nalem
344 2083 484 2170 iutelligi
502 2082 617 2152 voluit.
651 2087 748 2159 Quae
766 2093 877 2147 antem
897 2092 1093 2166 sequuntur,
1116 2091 1149 2146 et
1161 2081 1328 2165 aptosub·

213 2203 308 2265 iecto
330 2217 446 2267 carent
467 2204 592 2286 (cansa
614 2201 698 2265 enim
719 2200 890 2264 afferenda
911 2208 996 2278 erat,
1018 2218 1081 2262 cnr
1094 2197 1228 2264 Arabes
1243 2199 1329 2264 iuter

213 2319 366 2404 Aegypti
394 2332 427 2384 et
456 2318 658 2402 Aethiopiae
685 2317 770 2382 fines
791 2316 1004 2400 habitarent)
1036 2327 1071 2381 et
1090 2337 1131 2381 eo
1154 2338 1220 2402 quo
1240 2337 1328 2382 nunc

213 2437 369 2520 leguntur
395 2438 474 2503 loco
500 2460 643 2522 prorsus
670 2439 780 2503 otiosa
808 2447 842 2502 et
875 2437 1017 2501 molesta
1052 2437 1206 2503 videntur
1239 2457 1327 2503 esse.

215 2557 327 2622 Possit
347 2557 450 2640 igitur
468 2556 587 2643 aliquis
614 2579 676 2642 pro
697 2557 913 2622 annotatione
934 2556 1071 2640 habere,
1094 2575 1191 2641 qnam
1209 2554 1328 2618 scriba

210 2696 277 2739 uon
302 2676 461 2739 indoctus
483 2676 620 2760 margini
646 2675 837 2759 appinxerit
865 2675 937 2738 sive
966 2672 1041 2756 ipse
1061 2683 1180 2736 auctor
1204 2681 1329 2752 postea

212 2794 242 2856 ia
260 2793 418 2878 margine
439 2795 619 2861 addiderit:
640 2815 756 2858 verum
777 2793 905 2858 leniore
927 2790 1075 2856 remedio
1098 2800 1325 2871 transponun-

212 2924 262 2976 tnr
284 2913 319 2976 in
340 2912 528 2996 proximum
547 2935 696 2992 sensnm,
718 2925 754 2978 ut
776 2921 914 2997 propter
936 2929 1055 2995 aquam
1068 2907 1204 2971 Arabas
1227 2925 1325 2973 acco-

212 3030 260 3094 las
282 3029 350 3093 Nili
378 3027 492 3094 factos
521 3051 599 3094 esse
622 3029 796 3094 tradiderit
817 3026 953 3092 Plinius.
1008 3025 1204 3090 infinitivum
1227 3045 1324 3109 quem

210 3149 287 3211 cod.
311 3148 332 3208 d
354 3147 490 3212 exhibet
512 3146 665 3229 incolere,
686 3145 914 3232 praeferrem,
943 3143 1008 3208 nisi
1030 3141 1219 3228 perfectum
1243 3153 1324 3208 tem·

212 3286 279 3351 pus
302 3265 559 3330 desideraretur.
601 3266 717 3350 Itaque
743 3263 852 3329 locnm
879 3262 932 3328 sic
953 3263 1220 3347 distinguendum
1243 3283 1323 3330 esse

214 3385 387 3448 existimo:

254 3501 387 3566 Aratus
406 3502 590 3565 conditores
610 3499 745 3564 babere:
769 3503 858 3588 ripas
878 3509 989 3565 autem
1009 3500 1174 3566 incoluere
1192 3509 1324 3588 propter

252 3643 387 3715 apuam
437 3617 524 3684 Sunt
543 3629 575 3682 et
597 3619 658 3683 rel.

262 3976 577 4073 (perronna...
600 3970 753 4070 diripuit
776 3971 981 4070 etNapata.
1002 3968 1237 4067 Longissima
1260 3989 1322 4042 an·

264 4120 340 4184 tem
362 4135 384 4183 a
406 4110 534 4208 Syene
557 4129 778 4207 progressus
801 4114 860 4180 est
879 4102 1163 4179 DGCCGLXX
1176 4102 1251 4178 mil.
1264 4128 1322 4205 p.;

260 4256 479 4323 nec'tamen
500 4268 601 4318 arma
621 4243 788 4317 Romana
810 4240 861 4316 ibi
882 4236 1116 4315 solitudinem
1139 4240 1321 4318 fecerunt.

633 3819 903 3915 rostrata.
1341 3840 1402 3908 nr

1625 4059 1627 4112 l

260 4381 535 4484 Aegyptiorum
557 4378 662 4454 bellis
684 4379 807 4454 attrita
831 4386 890 4454 est
908 4374 1108 4477 Aethiopia
1128 4383 1190 4451 rel.

295 4552 375 4618 Non
396 4550 560 4617 Romanis
582 4548 701 4628 armis,
726 4546 790 4612 sed
811 4545 1030 4632 Aegyptiacis
1053 4543 1264 4612 solitudinem
1287 4539 1321 4602 in
