3567 5559
695 731 786 795 liter
811 733 904 798 XIX.
1307 728 1348 798 73

213 949 302 994 nem
329 933 427 992 color
447 926 658 1010 restituisset,
678 927 712 992 in
734 927 826 995 codd.
853 932 917 996 Θο
940 947 958 993 e
980 929 1084 1012 prims
1107 923 1270 1012 sequentis
1293 944 1348 991 vo·

214 1047 344 1114 oebali
370 1046 481 1110 littera
505 1051 697 1130 corruptam.

457 1214 668 1299 47:3,1'c
697 1210 765 1302 (de
791 1210 1029 1287 rubia-sermo
1058 1193 1134 1304 esi)
1365 1209 1432 1297 ’389
1509 1250 1514 1263 .

275 1343 479 1444 Spinosus
506 1342 541 1418 ei
567 1339 681 1417 caulis
710 1387 756 1398 —
781 1384 829 1397 -
854 1363 984 1418 semen
1007 1342 1087 1420 eius
1113 1343 1261 1420 rubrum
1277 1347 1346 1418 est.
1394 1417 1399 1428 ,
1473 1393 1483 1412 ,

273 1475 397 1572 Quos
421 1474 459 1549 iu
484 1473 668 1551 medicine
692 1497 782 1551 usus
796 1472 943 1565 habeat,
971 1474 1137 1552 dicemus
1155 1497 1223 1552 suo
1248 1473 1347 1553 loeo.

311 1613 450 1696 rogorum
480 1606 647 1670 Hermolei
673 1605 809 1670 Barbari
837 1612 888 1670 est
915 1606 1115 1690 coniectura,
1150 1606 1277 1672 codices
1294 1584 1349 1672 'sd

222 1747 337 1810 unum
369 1744 483 1807 omnes
517 1723 638 1790 hebent
669 1727 768 1786 rossa.
810 1722 964 1807 Magnam
997 1730 1105 1789 autem
1133 1725 1197 1790 Sill.
1233 1725 1350 1790 collate

222 1841 444 1909 Dioscoridis
473 1843 530 1906 Ill.
557 1841 615 1908 150
642 1839 856 1924 descriptione
869 1813 1098 1926 'corruptelam
1126 1862 1162 1906 se
1190 1842 1349 1926 reperisse

225 1959 378 2046 putavit,
400 1978 496 2044 quem
509 1959 556 2022 ita
567 1957 635 2021 fere
653 1957 805 2022 correxit:
827 1964 998 2022 concoctos
1015 1963 1120 2036 viride,
1143 1969 1202 2023 lom
1216 1963 1349 2040 ruinam,

184 2089 189 2096 ’
224 2091 393 2157 postremo
413 2081 533 2154 nicrum
555 2085 608 2138 est.
631 2079 733 2138 Bolia
755 2093 829 2153 quos
849 2074 907 2138 rel.
938 2075 983 2138 At
1005 2095 1081 2140 vero
1103 2075 1165 2141 hoc
1186 2081 1237 2140 est
1251 2075 1350 2140 inter·

227 2197 364 2282 polnre,
388 2214 453 2257 uon
474 2193 657 2257 emendare.
691 2191 869 2256 Modestius
890 2191 989 2256 Ianus
1011 2197 1134 2256 rutrum
1156 2204 1208 2257 est.
1251 2195 1351 2258 Bulla

232 2334 312 2392 quos
345 2311 497 2377 coniecit.
539 2312 583 2375 At
608 2328 684 2375 vero
716 2329 782 2372 non
806 2307 937 2373 rubrum
966 2309 1024 2374 sed
1051 2311 1176 2396 nigrum
1212 2309 1350 2394 fructum

230 2431 352 2494 rubine
375 2424 555 2514 perlectum
575 2446 648 2491 esse
668 2425 804 2491 traditur
824 2446 844 2491 e
866 2426 1070 2493 Dioscoride:
1093 2429 1202 2515 itaque
1218 2430 1299 2495 'ente
1320 2451 1349 2493 v.

233 2553 328 2613 rudia
353 2545 511 2612 nonnulla
531 2542 689 2608 excidisse
710 2550 853 2628 apparet,
875 2564 959 2630 quse
979 2543 1022 2608 cd
1041 2565 1151 2611 semen
1171 2546 1192 2609 i.
1215 2566 1243 2611 e.
1265 2546 1349 2611 fruo-

234 2669 306 2728 tum
326 2664 525 2750 pertineant.
557 2659 684 2724 Deinde
704 2680 782 2725 uoce
803 2665 894 2724 realia
916 2661 1003 2726 color
1025 2661 1172 2728 diversus
1194 2663 1351 2732 contineri

236 2781 407 2866 putandus
437 2786 497 2844 est.
538 2777 652 2862 Neque
686 2778 788 2863 qualis
823 2777 920 2842 luerit
954 2777 1082 2844 difficile
1114 2780 1247 2846 inventu
1281 2782 1350 2862 erit,

240 2919 314 2963 cum
333 2896 552 2982 reputaveris,
585 2893 673 2982 opud
693 2895 915 2960 Dioscoridem
937 2896 1001 2982 legi
1029 2898 1208 2986 καρπὸν...
1228 2919 1350 2964 nmat-

239 3015 388 3100 νόμενον
407 3016 545 3099 μέλανα·
568 3009 677 3096 ῥίζα..
699 3006 828 3100 ἐρυθρὰ
849 3037 878 3078 ν.
900 3037 928 3078 τ.
949 3014 978 3080 l.
1021 3014 1118 3079 Haud
1139 3013 1352 3101 dubioigitur

243 3133 370 3198 Plinius
393 3131 534 3218 scripsit:
1054 3203 1061 3210 ,

282 3269 386 3314 conen
406 3253 473 3313 eius
489 3253 607 3336 nimum
629 3257 688 3330 est,
709 3249 805 3310 radix
825 3249 931 3310 rutra.
960 3249 1043 3324 Quos
1057 3225 1121 3314 rel}

687 3413 924 3503 48:3,1s
1373 3460 1436 3534 asc

285 3540 503 3640 '(redicule)
534 3543 696 3620 uescitur
720 3543 839 3620 sative
862 3543 998 3644 ubique
1013 3545 1082 3622 sed
1096 3553 1230 3646 sponte
1246 3569 1353 3649 prae-

298 3677 408 3779 cipua
433 3675 470 3752 iu
495 3677 587 3752 Asia
612 3675 676 3753 rel.

291 3809 459 3875 Contraria
484 3813 558 3872 sunt
582 3808 682 3873 verba
706 3814 805 3874 soliva
825 3845 866 3856 —
885 3820 1006 3892 sponte,
1033 3813 1202 3890 ubique-
1226 3816 1257 3875 in
1280 3815 1354 3874 Asia

254 3925 363 4013 Itaque
391 3924 594 3992 scribendum
621 3934 671 3992 est
700 3931 876 4007 praecipue.
900 3965 939 3975 —
982 3927 1096 3992 Finem
1118 3946 1232 3994 sensus
1254 3928 1353 3993 lenus

257 4045 442 4110 emendavit.
859 4042 863 4048 ’

685 4149 731 4221 49
757 4168 799 4200 =
826 4147 921 4235 4,19.

301 4321 347 4336 -
371 4274 566 4374 antiquitas
592 4274 682 4352 nihil
708 4277 809 4377 prius
835 4276 963 4353 mirate
992 4257 1050 4352 est
1075 4297 1184 4376 quam
1210 4274 1362 4376 Hespe·'

304 4410 418 4488 nidum
443 4408 571 4487 hortos
596 4432 641 4485 ac
666 4431 797 4509 regum
821 4408 970 4486 Adonis
998 4415 1034 4485 et
1058 4408 1231 4499 Alcinoi,
1267 4409 1354 4484 item

305 4541 480 4640 pensiles,
516 4540 597 4616 sive
620 4539 706 4618 illos
732 4539 945 4618 Semiramis
977 4540 1057 4617 sive
1084 4539 1262 4638 Assyriae
1287 4561 1355 4613 rex

305 4670 417 4772 Cunus
440 4673 539 4752 lecit.

1373 4210 1436 4281 391
