3567 5559
702 704 794 765 sisa
814 688 970 764 rvris(
1199 691 1206 702 '
1329 701 1372 769 49

431 910 465 964 ur
484 874 614 978 orsurus
632 909 660 962 re
679 905 779 964 vrum.

341 1017 454 1101 Supra
475 1016 506 1100 S.
527 1015 568 1082 29
590 1022 684 1094 cauit,
711 1036 808 1102 quum
839 1016 958 1102 ubique
986 1036 1140 1100 praesens
1169 1021 1295 1100 tempus
1326 987 1373 1080 rest

254 1132 421 1215 periatur,
444 1132 478 1195 in
499 1143 582 1196 curet
602 1131 792 1197 mutandum
815 1152 889 1196 esse
911 1132 1056 1197 arbitror.

719 1301 766 1373 47
792 1326 825 1356 =
854 1300 924 1389 6,8.
1394 1327 1456 1395 340

306 1445 540 1523 Umidiorem
577 1468 705 1544 agrum
743 1447 855 1524 lossis
899 1445 1045 1524 concidi
1084 1454 1195 1545 atque
1241 1447 1373 1522 siccari
1408 1467 1411 1476 ’

304 1576 549 1654 utilissimum
576 1565 644 1668 est,
670 1578 792 1656 fossas
820 1586 942 1655 aute'm
965 1580 1120 1655 cretosis
1146 1576 1240 1656 locis
1267 1601 1373 1677 aper-

251 1789 254 1794 ,
302 1717 363 1786 tas
391 1708 570 1808 relinqui,
606 1710 646 1786 in
672 1710 851 1789 solutiore
891 1717 987 1787 terra
1020 1712 1195 1811 saepibus
1229 1709 1372 1799 firmari,

306 1841 483 1919 declives
506 1842 722 1939 imbricibus
748 1851 811 1920 aut
836 1844 978 1943 supinis
1004 1842 1181 1920 lateribus
1202 1865 1374 1944 procmn-

305 1974 412 2064 bere,
440 1973 619 2073 quasdam
647 1976 839 2052 occaecari
865 1976 930 2053 rel.
1419 2061 1426 2071 ἢ

283 2103 297 2140 ⁸
341 2108 397 2170 Ita
419 2106 564 2192 Silligins
594 2106 757 2192 vulgatam
789 2107 962 2171 *lectionem
990 2111 1109 2185 firmus·
1141 2124 1179 2168 ne
1209 2109 1390 2190 procidunt,
1514 2171 1519 2180 ,

261 2234 313 2285 uus
346 2223 408 2287 rel.
441 2223 591 2304 mutavit,
635 2222 872 2288 eOolumellee
900 2224 971 2288 loco
991 2223 1034 2287 Π.
1057 2222 1126 2290 29
1153 2242 1247 2307 quem
1269 2221 1374 2286 Plinio

257 2339 429 2404 'obversari
451 2347 587 2422 constat,
609 2341 742 2405 vocibus
760 2346 888 2405 declives
909 2345 1081 2404 imbricibus
1107 2339 1301 2424 desumptis,
1324 2340 1375 2402 oui

265 2461 400 2520 eatenus
423 2477 576 2522 assensus
598 2464 648 2521 est
668 2457 777 2539 Ianus,
798 2464 835 2522 ut
854 2457 988 2522 alteram
1001 2478 1113 2522 vocem
1128 2439 1289 2545 omitteret
1305 2457 1374 2520 eius

264 2579 370 2637 autem
393 2589 493 2660 quam
514 2575 654 2640 servavit
673 2578 848 2638 imbricibus
868 2575 902 2639 in
921 2574 1085 2641 codicibus
1108 2574 1235 2638 ultimas
1251 2574 1374 2637 litteras
1468 2606 1472 2618 r

265 2708 436 2774 superesse
459 2698 630 2773 statueret,
660 2692 776 2756 lacuna
798 2713 893 2778 quam
926 2691 1177 2778 deprehendisse
1201 2691 1261 2754 sibi
1286 2691 1374 2753 risus

265 2811 321 2887 est,
342 2807 604 2893 ingeniosissime
631 2809 676 2873 sic
699 2808 841 2893 expleta:
887 2831 938 2892 ,ne
959 2814 1139 2896 procidunt,
1170 2819 1223 2871 out
1243 2811 1374 2871 imbrici-

267 2924 337 2986 bus‘
379 2925 427 2988 At
448 2943 525 2989 vero
547 2923 697 2989 imbrices
720 2945 780 2989 nec
794 2912 917 2990 Plinius
939 2947 1044 3013 neque
1066 2927 1093 2990 is
1117 2946 1212 3012 quem
1234 2923 1301 2988 fers
1324 2943 1373 2987 se-

268 3039 368 3120 quitur
390 3041 572 3116 Columella
603 3047 639 3105 ut
660 3041 756 3105 fossis
792 3041 987 3108 adderentur
1014 3044 1114 3108 suasit
1143 3042 1260 3127 quippe
1294 3061 1374 3125 quas

268 3154 459 3232 ,imbricibus
482 3158 604 3243 supinis
624 3148 749 3222 similes‘¹
767 3179 841 3224 asse
862 3158 1031 3227 soluerint.

346 3273 505 3340 (lodicum
526 3275 665 3341 varietus
687 3275 768 3340 haec
790 3283 857 3341 est:
880 3298 919 3342 ue
941 3281 1089 3358 precibus
1111 3296 1141 3340 a,

645 3389 651 3395 ’
884 3402 933 3459 ine
949 3398 1095 3475 precibus
1110 3392 1151 3456 D.

887 3519 919 3576 in
942 3515 1099 3590 eprocibus
1121 3509 1199 3592 To,
1276 3495 1278 3510 ’

274 3638 324 3685 eos
346 3625 473 3689 codices
496 3623 584 3706 dico,
619 3645 701 3711 quos
735 3624 889 3714 eSilligii
923 3623 1004 3694 libro
1041 3632 1192 3704 accurate,
1216 3626 1376 3700 novimus,
1476 3671 1479 3678 .

274 3746 390 3806 ceteros
413 3741 493 3805 nihil
513 3735 680 3820 morosi).
723 3742 767 3808 Et
787 3753 939 3832 corrupta
959 3745 1088 3831 quidem
1104 3761 1183 3806 ¹csse
1204 3743 1259 3806 ill's
1279 3762 1374 3806 roca-

276 3851 344 3920 bula
361 3857 571 3936 manifestum
595 3867 655 3941 est,
689 3859 747 3923 scd
769 3869 845 3925 ante
866 3859 963 3949 q‘umn
986 3857 1177 3926 emendandi
1200 3857 1375 3944 periculum

276 3967 434 4058 iaciamus,
457 3975 559 4040 altera
579 3975 761 4060 corruptela
781 3997 862 4062 opus
886 3985 936 4078 ¹est
956 3985 992 4042 ut
1012 3974 1193 4061 indagetur,
1225 3993 1321 4060 quam
1341 3974 1375 4038 in

277 4106 347 4154 soce
366 4097 566 4172 procumbere
587 4092 803 4177 deprehendo.
846 4094 986 4160 Tantum
1010 4095 1094 4182 euim
1116 4093 1210 4159 abest
1231 4101 1266 4157 ut
1287 4093 1376 4157 fosso

279 4208 479 4284 procumbere
503 4202 620 4277 debeat
639 4215 676 4274 ut
696 4230 738 4274 ne
754 4210 943 4295 procumbet
964 4213 1175 4297 omni‘opera
1197 4211 1375 4277 cavendum

288 4358 440 4375 *fita—un·-

328 4448 357 4515 ⁸)
375 4449 418 4504 De
429 4448 614 4504 'chiffletiano
636 4451 661 4502 Θ
678 4452 768 4504 fateor
787 4467 829 4504 me
848 4451 983 4508 dubitare.
1013 4452 1066 4518 Qui
1084 4453 1231 4507 lectionem
1251 4457 1280 4503 δη
1296 4466 1375 4517 epro-
1463 4483 1467 4488 -

375 4557 449 4608 cibus
466 4571 530 4610 oum
549 4555 599 4608 sd
618 4555 797 4610 communem
824 4557 925 4611 hebere
944 4561 1024 4626 eique
1044 4573 1140 4611 vocem
1160 4560 1231 4608 aluis
1248 4560 1376 4625 praemit-

378 4669 435 4714 tere
452 4661 564 4736 piritu,
582 4678 637 4730 qus
656 4652 722 4732 quid
739 4662 878 4716 indicetur
894 4635 998 4736 nescio.
1211 4641 1213 4646 ¹

1216 4766 1238 4830 4
