3567 5559
423 707 465 778 32
869 714 959 775 liber
979 713 1086 776 XVII.

422 924 539 992 nempe
565 905 716 990 ,iniugem
738 907 846 970 anum‘
869 926 1000 970 vaccam
1024 924 1097 970 esse
1115 906 1241 988 statuit,
1271 927 1331 990 qua
1350 925 1431 970 sane
1453 925 1519 969 ccu-

423 1025 546 1088 ieoture
566 1023 685 1086 nullam
707 1023 836 1086 omuino
868 1023 942 1086 novi
964 1021 1179 1087 infeliciorem.
1224 1023 1335 1108 Neque
1359 1024 1447 1086 eninr
1468 1042 1522 1084 vox

423 1141 561 1226 ,iniugis‘
582 1159 717 1224 usquam
738 1138 824 1223 apud
837 1137 976 1202 Plinium
993 1142 1158 1223 reperitur,
1180 1161 1285 1225 neque
1307 1143 1414 1222 ,enus‘
1435 1158 1525 1202 vacca

355 1309 367 1320 .
423 1259 616 1346 appellatur,
640 1277 744 1342 neque
766 1257 883 1340 iniugis
906 1277 1005 1322 vacca
1026 1257 1058 1320 in
1079 1258 1155 1342 iugo
1179 1278 1250 1320 esse
1273 1266 1392 1344 potest.
1439 1255 1526 1319 Codi·
1584 1298 1588 1318 .

422 1397 477 1444 ces
500 1395 625 1438 summa
646 1372 950 1437 concordichnbent
971 1380 1054 1453 iunci
1075 1397 1166 1438 amum
1188 1397 1332 1440 vomerem
1355 1381 1526 1439 trahentem.
1611 1444 1612 1463 χ

421 1496 467 1558 At
487 1513 554 1578 ,per
580 1491 726 1572 eandem,
749 1490 815 1556 Sill.
836 1491 955 1576 iuquit,
985 1492 1129 1557 codicum
1158 1493 1328 1558 lectionem
1351 1491 1529 1570 cerdera,
1611 1485 1613 1564 l

423 1609 532 1693 ‚asello
554 1615 587 1672 et
608 1629 673 1686 anu
695 1628 843 1692 campum
860 1607 980 1690 scindi,
1003 1631 1133 1693 prorsus
1148 1612 1284 1696 tollitur;
1306 1613 1446 1676 nimium
1469 1617 1529 1672 tum

422 1726 580 1811 ,tribuitur
604 1727 720 1807 asello,
759 1733 791 1790 et
812 1725 922 1790 iuncta
943 1747 1023 1789 anus
1052 1748 1213 1793 vomerem
1235 1729 1365 1793 trahens
1390 1729 1462 1792 fere
1483 1746 1530 1787 su-

422 1863 593 1930 ,pervacua
613 1843 760 1908 videtur.‘
801 1843 973 1924 Audirem,
1005 1843 1032 1907 si
1062 1866 1141 1909 anus
1171 1865 1242 1910 cum
1267 1848 1365 1911 asello
1391 1851 1529 1911 aratrum

423 1962 551 2027 trahere
572 1960 740 2026 diceretur.
784 1960 913 2026 Scilicet
934 1961 1028 2025 obliti
1043 1971 1137 2028 erent
1164 1966 1223 2029 viri
1246 1965 1332 2030 docti
1354 1967 1456 2030 etiam
1480 1962 1531 2023 bu·

316 2093 319 2100 '
424 2081 517 2146 buloo
538 2079 581 2144 ad
603 2077 758 2143 arandum
780 2098 860 2162 opus
882 2098 965 2144 esse,
988 2081 1058 2144 Hoc
1080 2081 1164 2145 enim
1190 2081 1266 2147 dicit
1286 2083 1430 2147 Plinius:
1453 2097 1529 2165 quae

423 2199 500 2262 alibi
522 2198 655 2262 duorum
688 2197 805 2260 bovum
834 2205 943 2280 partes
972 2204 1061 2280 sunt,
1096 2199 1135 2263 iis
1157 2200 1190 2262 in
1212 2199 1323 2282 Africa
1344 2223 1431 2266 uuus
1455 2195 1529 2261 asel·
1612 2205 1613 2240 l

423 2316 473 2378 lus
503 2315 700 2398 defungitur,
734 2334 815 2376 anus
848 2323 956 2378 autem
984 2316 1148 2397 ‚vilissima
1180 2322 1288 2402 opera‘
1313 2319 1425 2400 (Xlll.
1451 2312 1525 2388 132)

341 2518 343 2524 y
423 2433 453 2496 ei
474 2431 576 2494 labori
605 2449 662 2515 par
690 2431 814 2515 estqui
843 2432 918 2496 alibi
947 2432 1125 2498 abubulcc
1160 2436 1330 2521 suscipitur
1354 2436 1413 2521 (cl.
1436 2431 1527 2498 Oclu·

422 2548 519 2613 mella
554 2549 594 2613 ll.
616 2547 665 2634 2).
731 2546 821 2621 Quae
858 2550 940 2614 ratio
984 2552 1186 2636 apertissima
1228 2562 1401 2641 propterea
1447 2551 1526 2614 viros
1609 2631 1610 2640 ἵ

424 2671 535 2734 doctos
547 2666 638 2752 fugit,
661 2665 746 2751 quod
764 2688 828 2730 non
845 2668 1247 2735 animadverterantunum
1259 2691 1387 2735 versum
1401 2661 1526 2734 XXVII
1606 2646 1609 2722 s

423 2789 599 2852 litterarum
627 2785 746 2849 librarii
778 2787 976 2871 negligentia
1004 2759 1073 2852 loco
1108 2797 1230 2852 motum
1261 2797 1293 2852 et
1315 2797 1388 2854 ‘turn
1413 2802 1526 2874 pravae

423 2905 651 2991 congruentiae
673 2924 771 2968 cansa
799 2904 972 2968 ablativum
995 2910 1131 2971 trahente
1157 2909 1189 2972 iu
1218 2911 1436 2973 accusativum
1459 2919 1524 2967 esse
1606 2909 1609 2984 ξ

425 3030 591 3089 mutatum.
635 3023 758 3098 Quibus
786 3025 937 3088 correctis
971 3023 1051 3088 haec
1083 3023 1223 3089 Plinium
1254 3027 1420 3112 scripsisse
1455 3041 1524 3086 con·
1608 3066 1609 3095 2

423 3142 537 3208 tendo:

464 3290 595 3358 —post
615 3282 723 3341 imbres
757 3286 919 3344 villetella
948 3301 1090 3345 vomerem
1113 3269 1249 3346 trahente
1275 3289 1401 3348 vidimus
1429 3279 1524 3345 scurdt'
1611 3339 1612 3344 ,

466 3408 528 3462 eto
547 3407 636 3477 perte
657 3402 861 3476 alterutram
878 3420 978 3462 anum.

341 3663 403 3737 w
551 3730 555 3736 ,
860 3611 1093 3730 m=sl

472 3787 563 3882 Alia
597 3793 654 3862 est
691 3786 781 3862 ratic
825 3810 934 3888 quam
967 3787 1177 3864 Britanniae
1218 3798 1254 3864 ct
1276 3787 1433 3866 ‘Galliae
1471 3785 1521 3860 iu·

473 3943 609 3997 venere
636 3918 759 3995 alendi
786 3943 866 3996 eam
893 3922 989 4021 ipse,
1023 3943 1219 4020 genusque
1255 3923 1357 4019 quod
1389 3921 1517 4000 vocant

471 4075 646 4150 mergam.
674 4049 838 4151 Spissior
863 4060 935 4130 etc.

504 4182 606 4246 Recte
629 4183 674 4246 sic
695 4158 810 4265 Ianus,
831 4186 893 4248 nisi
915 4183 1000 4268 quod
1022 4184 1154 4248 verbum
1176 4193 1250 4271 post
1273 4188 1419 4272 copulam
1442 4183 1518 4251 desi-

423 4301 560 4366 deratur.
583 4298 678 4372 Quod
691 4321 763 4364 cum
786 4302 950 4365 electione
972 4299 1064 4364 codd.
1087 4303 1145 4365 Da
1166 4309 1250 4384 iprae
1271 4304 1365 4370 facilc
1388 4314 1517 4376 eruatur,

424 4419 531 4484 deleta
552 4418 746 4503 copulaque
774 4437 898 4504 quaec
926 4418 1058 4482 relativo
1081 4419 1236 4502 originem
1260 4423 1396 4495 duxerat
1417 4425 1516 4509 legen·

423 4537 500 4631 dnm
521 4543 586 4601 est:
777 4617 781 4625 .
1431 4523 1436 4532 ¹

464 4663 543 4736 ipsa.
571 4660 628 4720 Eat
646 4675 741 4736 aeaut
761 4660 846 4737 quod
865 4664 976 4722 uacant
995 4675 1147 4736 maroam:
1160 4665 1293 4738 aptarier
1312 4667 1363 4724 rel.
1608 4689 1610 4786 g
