3567 5559
930 506 1029 573 Liber
1050 508 1105 574 ΙΙ.

400 707 441 772 23
646 736 649 741 ²
877 694 951 769 141
967 729 1002 759 =
1017 694 1081 788 53,
1095 693 1154 769 54.

508 848 699 949 Imperare
720 855 873 922 naturae
900 870 1017 941 sacro,
1045 842 1196 922 audacis
1222 852 1280 919 est
1303 845 1471 943 credere,
1497 873 1567 945 neo,

509 981 797 1075 minushebetis,
811 982 1062 1059 beneficiis
1088 984 1266 1081 abrogare
1288 980 1398 1077 vires,
1421 984 1563 1083 quando

506 1118 546 1193 in
577 1118 763 1216 fulgurum
800 1142 947 1216 quoque
986 1117 1290 1219 interpretatione
1331 1144 1376 1193 eo
1408 1120 1565 1219 profecit

506 1250 660 1329 scientia
681 1260 723 1326 ut
744 1259 899 1327 ventura
920 1252 990 1327 alia
1015 1222 1125 1329 finito·
1145 1254 1205 1329 die
1231 1254 1422 1353 praecinat
1452 1264 1517 1329 rel,

540 1402 688 1487 Egregie
709 1399 857 1485 Silligins
880 1420 900 1464 e
921 1400 1015 1467 libris
1039 1402 1124 1469 Mss.
1145 1424 1266 1469 vocem
1289 1426 1387 1469 saera
1412 1408 1565 1491 restituit,

457 1523 587 1607 quaed
606 1520 718 1587 locum
739 1520 947 1605 superiorem
970 1522 1205 1589 remandamur
1222 1523 1334 1610 §.MQ
1358 1524 1413 1591 ubi
1433 1526 1566 1609 „saeris

457 1640 653 1725 quibusdam
676 1651 711 1706 et
729 1638 977 1723 precationibus
991 1639 1129 1706 fulmina
1145 1644 1220 1729 cogi
1234 1642 1288 1709 vel
1307 1644 1501 1727 impetrari“
1523 1643 1568 1708 di-

457 1768 589 1826 cuntur.
634 1756 765 1823 Vellem
784 1756 924 1822 alterum
944 1758 1145 1825 vocabulum
1162 1761 1386 1847 emendasset,
1408 1783 1474 1848 quo
1488 1783 1567 1847 pre·

456 1876 607 1941 cationes
623 1876 821 1942 indicantur.
858 1873 1036 1941 Beneficiis
1061 1876 1145 1942 enim
1167 1891 1308 1945 naturae
1324 1881 1414 1945 vires
1435 1879 1568 1945 minime

454 1996 670 2081 abrogentur,
692 1994 841 2081 quamvis
855 1996 1106 2079 precationibus
1127 1996 1322 2064 efficacibus
1341 2000 1566 2064 inhumanum

454 2134 562 2198 genus
582 2112 745 2178 beneficia
768 2111 1004 2197 conferantur,
1032 2116 1093 2180 sed
1120 2118 1278 2200 precibus
1307 2136 1349 2181 ac
1378 2117 1569 2181 devotioni-

454 2234 518 2295 bus
540 2230 741 2311 arcanisque
763 2229 959 2312 quibusdam
982 2231 1110 2296 ritibus.
1155 2233 1248 2297 Sicut
1268 2234 1367 2315 igitur
1387 2233 1482 2317 §.54
1503 2254 1569 2298 ve·

452 2346 575 2412 neficia
600 2348 634 2410 in
660 2345 761 2409 lunae
791 2342 927 2407 defectu
959 2346 1073 2428 argui,
1100 2346 1206 2412 XXV.
1221 2348 1270 2417 lo.
1299 2348 1373 2411 loco
1398 2346 1567 2411 simillimo

425 2472 429 2480 '
452 2466 597 2546 ratione,
622 2482 690 2526 non
714 2460 889 2526 veneficiis
915 2469 949 2525 et
970 2458 1085 2525 herbis
1113 2460 1196 2529 solis
1221 2462 1385 2549 lunaeque
1408 2461 1567 2529 defectus

453 2580 679 2667 praenuntiari
699 2577 863 2660 dicuntur,
887 2578 934 2641 ita
955 2577 987 2643 h.
1003 2578 1025 2646 l.
1044 2578 1177 2647 hebetis
1199 2591 1252 2647 est

749 2692 968 2783 ueneficiis
988 2692 1146 2785 abrupere
1164 2700 1261 2762 uires.

393 2878 436 2945 24
872 2846 946 2923 143
962 2887 996 2917 =
1012 2850 1075 2944 54,
1089 2852 1149 2929 55.

501 2992 548 3067 In
568 2986 733 3066 sedecim
753 2993 879 3087 partes
907 2988 1050 3063 caelum
1078 2985 1116 3063 in
1150 3012 1195 3063 eo
1222 2995 1446 3086 respectu
1473 2984 1565 3060 divi-

502 3151 588 3203 sere
613 3120 743 3199 Tusci.

536 3258 595 3324 Sic
620 3276 663 3321 ex
685 3252 830 3336 antiquis
852 3251 1051 3318 editionibus
1074 3252 1232 3338 Silligius.
1275 3254 1397 3323 Melius
1419 3256 1567 3321 Hardni·

451 3399 515 3445 nns
527 3397 546 3445 e
560 3374 657 3442 codd.
668 3372 914 3456 ad²ruspeetu=
936 3368 1044 3435 malim
1058 3382 1167 3439 tamen
1191 3391 1265 3439 eum
1279 3372 1402 3439 RSTd¹
1424 3382 1564 3460 spectu

451 3495 618 3580 recipere,
639 3499 676 3556 ut
693 3488 824 3557 rariore
845 3486 1013 3554 vocabulo
1034 3490 1165 3573 spectio
1188 3490 1271 3559 caeli
1293 3492 1509 3578 significetur.

394 3671 436 3737 25
869 3639 943 3715 149
958 3676 993 3707 --
1006 3640 1069 3737 58,
1082 3644 1143 3719 59.

506 3782 705 3858 Celebrant
728 3776 869 3855 Graeci
900 3780 1145 3879 Anaxagoran
1174 3826 1225 3837 -
1252 3780 1485 3882 praedixisse
1510 3824 1563 3836 —

501 3916 633 4018 quibus
655 3916 786 3993 diebus
812 3940 943 3990 saxum
970 3940 1141 3992 casurum
1162 3937 1262 3992 esset
1285 3943 1306 3991 e
1328 3918 1420 4012 sole,
1442 3916 1557 4015 idque

500 4055 639 4131 factum
668 4052 830 4128 interdiu
862 4049 901 4125 in
928 4050 1114 4128 'l'hraciae
1141 4062 1247 4155 parte
1272 4053 1317 4129 ad
1343 4054 1469 4152 Aegos
1492 4053 1561 4127 flu-

499 4213 596 4265 men.
637 4187 714 4289 Qui
735 4186 829 4288 lapis
851 4185 1060 4263 etiamnunc
1079 4188 1288 4264 ostenditur
1311 4186 1562 4288 magnitudine

497 4324 614 4420 vehis,
641 4325 766 4400 colora
787 4322 931 4417 adusto,
956 4334 1131 4401 comete
1158 4349 1341 4425 quoque
1363 4322 1460 4400 illis
1480 4347 1560 4399 no-

500 4460 651 4538 ctibus
675 4461 926 4560 flagrante.
