3567 5559
600 510 609 524 “
710 529 810 597 nne
827 531 907 597 ιιι.
1322 536 1364 605 n

247 716 446 803 seripseria
475 715 598 783 miscet
618 713 704 781 enirn
723 738 787 802 pro
807 738 904 786 more
921 738 990 785 suo
1010 718 1165 787 diversas
1186 721 1228 787 de
1243 721 1365 789 horum

248 835 454 924 populorum
472 834 604 919 origiue
624 835 838 904 narrationes
862 847 899 903 at
913 838 1047 901 uomina
1062 838 1209 923 propria.
1234 838 1366 907 Deinde

249 957 284 1023 in
300 955 370 1023 dne
383 955 539 1020 scribunt
550 951 682 1021 cudda
704 951 837 1043 Iapipiu
847 956 984 1034 Arina,
1003 956 1057 1021 Rd
1073 955 1206 1044 Iupipiu
1217 958 1367 1039 Man,

251 1075 342 1141 unde
360 1073 455 1139 iaoili
475 1073 657 1139 mutatione
679 1070 805 1138 efficior
833 1072 973 1163 [cpypin
993 1075 1103 1141 Aera
1123 1076 1201 1154 iarn,
1222 1097 1289 1161 qno
1310 1097 1368 1143 vo-

250 1192 374 1261 cabulo
395 1193 533 1259 Graeoo
545 1188 574 1281 5.
586 1190 656 1259 100.
676 1210 760 1257 usus
781 1201 864 1262 erat
906 1194 1060 1276 Amnem,
1084 1196 1140 1281 qni
1160 1197 1237 1266 olim
1257 1200 1365 1285 Iapyx

253 1334 277 1379 a
301 1311 447 1377 Daedali
475 1309 544 1380 filio
571 1311 771 1390 notabatur,
806 1331 895 1378 nuno
931 1314 1019 1398 (qua
1042 1314 1076 1379 vi
1107 1314 1174 1379 ianr
1198 1318 1364 1387 interdum

255 1441 457 1516 usurpatur,
477 1428 569 1497 velut
583 1428 754 1499 lxxxv.
770 1432 855 1517 init)
878 1430 1027 1499 Pontium
1048 1434 1216 1519 appellari
1234 1448 1362 1505 narrat.

253 1551 413 1637 Iapygum
434 1559 547 1616 autem
563 1568 693 1616 arunem
712 1570 876 1637 nusquam
901 1554 1155 1621 commemorari
1176 1556 1243 1623 iarn
1262 1555 1365 1627 astt-

251 1668 330 1755 ligio
351 1670 623 1739 animadversum
645 1676 707 1735 est

669 1820 947 1917 131=1n,nn.
1380 1834 1424 1902 os

335 1974 449 2039 Laeua
469 1971 608 2059 Eupilis,
631 1970 864 2037 terminatione
884 1974 941 2037 vix
963 1984 1052 2059 apta.
1073 1974 1214 2041 Videtur
1228 1986 1284 2041 aut
1296 1976 1366 2043 En-

250 2094 339 2182 pibu
360 2092 590 2180 aut'Enpiliue
615 2091 831 2159 scribendum
857 2112 952 2173 esse,
979 2070 1069 2159 siout
1089 2094 1224 2160 Larium
1246 2095 1365 2161 Sebin-

252 2234 337 2278 uum
360 2212 509 2297 dixerat·
538 2209 767 2276 Confidentiae
792 2212 891 2276 etiarn
913 2212 940 2293 §.
954 2212 1027 2278 149.
1043 2212 1202 2279 Flumina
1219 2212 1325 2302 oleru,
1347 2238 1365 2281 e

239 2328 733 2429 nardaountarpn,1¹tnpus
755 2340 820 2398 etc.
846 2327 922 2415 lego
943 2330 1103 2423 Marpns,
1125 2356 1223 2419 quum
1247 2346 1280 2400 et
1299 2334 1364 2401 Rd

250 2450 393 2514 Marcus
414 2448 571 2514 exhibeat
596 2458 629 2513 et
649 2449 819 2533 scriptura
841 2450 970 2515 codicis
993 2454 1024 2515 A
1050 2472 1070 2517 e
1092 2452 1188 2517 simili
1208 2453 1364 2519 termina·

249 2570 342 2634 tione
361 2565 517 2632 vocabuli
538 2568 769 2633 antecedentis
789 2568 946 2652 prosecta
967 2570 1115 2657 putanda
1136 2572 1189 2636 sit.
1224 2570 1363 2656 Margus

250 2688 340 2753 enim
362 2686 484 2771 ubique
502 2683 692 2769 appellatur
712 2686 834 2753 flumen
852 2689 1069 2754 notissimum.
1092 2686 1363 2776 §.138.f0rtasse

250 2805 379 2870 Plinius
400 2806 585 2889 scripserat
604 2804 645 2869 L.
665 2805 805 2884 Aemilio
827 2804 864 2871 0.
885 2806 1003 2869 Attidio
1024 2804 1220 2883 oonsulibus,
1243 2806 1363 2891 quibus

250 2947 353 3013 quum
374 2926 419 2990 ab
438 2913 685 3010 interpolatore·
700 2924 900 3009 cognomina
921 2922 1142 3007 adderentur,
1164 2921 1290 2988 sactum
1312 2942 1365 2991 est

251 3056 290 3109 ut
312 3042 438 3109 Paulus
458 3065 531 3109 eum
556 3045 649 3131 Papo
671 3042 945 3110 confunderetur.

673 3176 946 3273 144=2n,ne.
1380 3188 1424 3255 no

378 3352 573 3432 praeterea
594 3334 794 3409 multorum
815 3329 1008 3409 Graeciae.
1024 3327 1244 3431 oppidorum
1273 3330 1364 3410 defi-

300 3469 408 3545 ciens
433 3468 612 3545 memoria
644 3494 715 3544 nee
743 3493 818 3544 non
849 3478 887 3543 et
921 3466 1120 3543 eivitatium
1146 3467 1361 3542 validarum.

295 3605 360 3681 Eo
384 3630 544 3705 namque
568 3615 691 3681 tractu
710 3578 818 3680 luere
839 3604 1046 3699 Labeatae,
1072 3602 1274 3697 Enderini‚
1297 3602 1365 3677 Sa·

300 3742 397 3836 saei,
423 3740 588 3817 Grabaei
608 3740 836 3841 proprieque
862 3738 952 3814 dieti
971 3739 1092 3839 Illyrii
1114 3751 1153 3814 et
1178 3737 1365 3813 Taulantii

307 3889 346 3954 et
366 3878 524 3978 Pyraei.
576 3877 770 3953 Retinet
793 3897 929 3950 nomen
945 3874 995 3965 tin
1019 3898 1085 3948 ora
1104 3874 1366 3973 Nymphaeum

303 4011 610 4115 promontorium,
634 4013 788 4093 Lissum
819 4011 995 4111 oppidum
1022 4032 1088 4085 eto.

335 4166 415 4231 Duo
437 4175 517 4230 sunt
538 4182 626 4250 quae
651 4165 685 4230 in
706 4163 775 4230 hoe
803 4164 881 4231 loeo
905 4172 973 4229 tam
994 4160 1081 4229 mule
1102 4180 1156 4230 me
1180 4159 1305 4229 habent
1329 4172 1366 4229 nt

250 4306 373 4353 nauum
394 4303 479 4351 ease
498 4302 631 4371 negem.
674 4283 761 4348 Nam
780 4284 894 4368 inepte
916 4284 1134 4367 promontorii
1155 4301 1277 4348 nomeu
1297 4300 1367 4347 eer-

251 4418 365 4473 vatum
389 4405 456 4471 diei
478 4404 554 4489 quis
575 4412 630 4469 est
651 4403 730 4490 quin
739 4402 876 4468 videat?
897 4403 1017 4472 Nonne
1029 4401 1367 4487 navigantiumquaru

167 4542 171 4549 ’
253 4526 400 4593 maxime
424 4524 603 4603 intererat,
629 4533 667 4589 ut
694 4520 913 4590 servaretur?
957 4520 1027 4589 Gur
1047 4521 1148 4606 igitur
1170 4520 1299 4587 dicetur
1321 4516 1367 4583 di-
