3567 5559
734 680 823 742 Ltber
842 629 931 740 XW‘.
1343 675 1385 744 23

241 875 509 961 transponendi
537 874 712 958 perieulum
738 874 814 938 feeit
842 873 996 938 laudabili
1031 872 1179 952 oonsilio,
1216 872 1303 936 exitu
1325 874 1383 937 im-

242 1014 435 1079 prospero.
482 992 569 1056 Dum
601 992 686 1056 enim
718 1011 814 1055 voees
849 1011 878 1071 ,e
910 990 1025 1076 quibus
1070 989 1213 1054 detracto
1256 991 1384 1076 eortioe‘

240 1111 425 1195 proximis
462 1116 504 1193 ,et
537 1109 681 1203 tegulum
703 1111 901 1194 tegetesque‘
928 1108 1113 1193 praemittit,
1138 1107 1316 1173 contortula
1337 1110 1383 1171 in-

242 1228 506 1314 terpretatione
527 1227 670 1312 tegulum
690 1213 833 1312 plantam
856 1246 927 1290 esse
943 1227 1019 1308 vult,
1042 1224 1383 1310 quaeproprietagulo
1415 1262 1419 1266 ·
1524 1259 1528 1264 ·

243 1353 279 1408 et
303 1345 492 1430 tegetibus
521 1345 563 1408 sit
584 1343 752 1408 destinata.
797 1344 841 1407 At
862 1364 939 1408 vero
962 1365 1025 1410 vox
1047 1339 1212 1428 ‚tegulum‘
1239 1340 1385 1414 inaudita

244 1463 335 1528 alias
373 1463 409 1526 si
433 1461 532 1528 modo
556 1461 676 1547 aliquid
698 1461 871 1546 signifieat,
901 1468 1052 1547 tegumen
1073 1460 1149 1525 teeti
1170 1459 1220 1524 vel
1242 1459 1383 1544 tegulam

245 1577 457 1666 significare
470 1577 613 1665 putanda
625 1585 688 1642 est:
710 1579 831 1644 Plinius
846 1586 953 1644 autem
969 1579 1010 1643 de
1023 1579 1115 1643 teotis
1130 1577 1161 1644 h;
1177 1577 1197 1640 l.
1211 1582 1384 1662 propterea
1406 1568 1412 1616 =’
1425 1659 1429 1666 ⁸

247 1717 318 1761 non
345 1698 440 1783 agit,
463 1698 613 1784 quoniam
630 1697 740 1797 statim
750 1698 890 1782 mapalia
903 1697 1087 1762 Maurorum
1102 1701 1331 1762 commemorat
1352 1701 1385 1758 et

251 1815 427 1900 quoniam
453 1814 591 1878 firmiore
623 1814 759 1878 materia
791 1835 886 1899 quam
918 1814 1085 1900 fragilibus
1114 1812 1225 1896 scirpis
1259 1810 1300 1875 ad
1329 1811 1385 1874 illa

251 1933 416 2017 tegenda
437 1952 519 2019 opus
548 1951 620 1996 esse
641 1935 712 2016 ipse
736 1931 882 1995 affirmat.
925 1931 1039 2017 Itaque
1071 1930 1185 1995 litteris
1220 1934 1264 2006 ,et
1291 1935 1382 2012 tegu-
1460 1937 1466 1948 '

251 2049 336 2113 lum‘
363 2049 478 2114 simile
500 2049 629 2136 aliquod
652 2033 804 2134 tegetum
815 2049 1006 2113 vocabulum
1028 2048 1228 2112 contineatur
1250 2065 1383 2110 neeesse

254 2174 318 2231 est.
369 2165 475 2242 Quod
505 2166 599 2251 quale
632 2165 729 2231 fuerit
757 2186 775 2228 e
804 2169 917 2252 papyri
946 2187 1041 2251 quam
1072 2165 1149 2229 dicit
1177 2163 1384 2228 similitudine

257 2284 361 2350 faoile
387 2284 589 2369 colligemus.
632 2284 715 2348 Nam
745 2304 842 2369 quum
862 2284 954 2350 XIII.
977 2285 1017 2352 72
1048 2261 1174 2369 teg'et‘es
1203 2290 1235 2348 et
1260 2287 1383 2346 vestem

261 2404 454 2488 stragulam
475 2422 493 2465 e
515 2422 637 2486 papyro
659 2401 726 2465 texi
748 2403 940 2485 narraverit,
974 2401 1028 2482 hio
1055 2422 1181 2487 quoque
1209 2401 1384 2486 stragulam

261 2521 459 2590 nominasse
481 2517 642 2604 putandus
665 2524 725 2582 est.
768 2524 810 2582 Et
832 2527 962 2598 tepulum
989 2520 1086 2606 igitur
1108 2520 1236 2585 omnino
1258 2515 1384 2584 mutan·

268 2637 347 2702 dum
372 2657 494 2701 oenseo
516 2636 549 2699 in
570 2643 746 2714 atrabatum.
790 2636 875 2700 Huio
898 2639 991 2722 quasi
1017 2637 1226 2701 fundamento
1256 2635 1384 2716 innitor,

269 2774 345 2818 oum
369 2761 405 2818 et
434 2773 507 2816 oum
529 2753 652 2838 Silligio
673 2744 840 2818 relativum
863 2776 880 2818 e
906 2760 1014 2834 qulbus
1045 2750 1318 2837 transponendum
1353 2757 1386 2815 et

273 2880 349 2955 post
370 2871 507 2937 verbum
532 2873 741 2956 ‚togatosque‘
765 2872 979 2956 supplendum
1002 2892 1073 2936 erse
1096 2868 1254 2934 contendo
1278 2879 1385 2934 texun-
1410 2927 1413 2936 ,

274 3000 333 3071 tur,
359 2989 449 3068 quod
472 3009 544 3051 oum
567 2990 599 3051 iu
622 2987 732 3052 oodioe
755 2989 928 3076 archetypo
951 3011 1015 3054 nou
1037 2991 1209 3073 reperiret,
1238 2986 1385 3051 librarius

276 3107 330 3190 qui
353 3113 539 3172 nostrorum
559 3078 714 3170 librorum
734 3114 846 3170 auctor
866 3108 927 3173 fuit
948 3107 1116 3172 relativum
1143 3125 1201 3170 suo
1223 3104 1294 3170 loeo
1317 3125 1385 3168 mo-

279 3223 332 3290 vit.
376 3223 588 3289 Soribeudum
612 3229 662 3286 est
682 3224 794 3309 igitur:

316 3349 534 3422 parasseque,
551 3361 567 3404 e
588 3337 694 3420 quibus
713 3347 881 3419 strupulam
905 3353 1073 3420 leporesque
1086 3348 1228 3404 texuntur
1250 3343 1386 3402 detracto

322 3465 439 3525 cortice
459 3460 514 3523 rel.

679 3640 748 3712 194
775 3658 816 3689 =
841 3622 908 3724 99,
936 3641 995 3711 75.
1408 3620 1471 3690 287

259 3875 268 3887 ἢ
331 3785 500 3861 Tiberius
538 3785 637 3861 idem
674 3794 712 3860 et
751 3785 787 3859 in
828 3783 961 3882 capillo
1001 3779 1193 3857 tondendo
1224 3779 1389 3855 servavit

324 3913 548 4018 jiut'erlunia3
1318 3933 1320 3941 ’

287 4049 407 4116 Plinius
428 4049 548 4114 [liberii
571 4046 700 4133 quidem
711 4049 739 4130 ἓ,
751 4039 814 4114 190
822 4045 1018 4110 mentionem
1040 4044 1171 4124 fecerat,
1193 4043 1251 4109 sed
1274 4042 1390 4108 deinde

289 4167 458 4247 Duellium,
481 4167 673 4252 Scipionem,
695 4163 853 4228 Catonem
874 4163 1144 4228 commemoravit.
1185 4163 1228 4228 H.
1250 4165 1271 4228 l.
1287 4163 1390 4249 vigitur

290 4303 348 4350 non
369 4291 459 4366 idem,
482 4283 541 4348 sed
561 4289 629 4368 item
649 4282 822 4367 legendum
846 4283 914 4346 erit.

605 4435 614 4445 ’
679 4463 749 4535 999
778 4481 817 4510 =
845 4461 903 4545 39,
931 4462 1016 4546 ra·
1411 4480 1475 4551 233

335 4609 553 4689 Communia
578 4606 636 4683 his
668 4606 788 4701 (larici
814 4615 851 4682 et
876 4605 1007 4698 abieti)
1048 4603 1208 4704 pinoque
1237 4607 1276 4677 ut
1301 4623 1391 4702 qua-
