3567 5559
713 510 815 578 mer
835 511 939 586 m..
1207 585 1208 588 ,
1315 513 1376 594 133

298 694 446 768 lentem
462 718 513 770 ex
536 720 602 772 ore
621 696 660 771 in
674 697 916 777 Proconneso
936 701 1039 778 corvi
1058 698 1195 801 effigie,
1216 723 1373 800 magne

296 855 428 930 quoe
455 834 671 933 sequitur
695 836 1018 913 fabulositate.

336 1002 392 1066 lte
412 1003 513 1088 vulgo
536 1005 613 1070 inde
632 1023 656 1068 e
670 1004 821 1070 Barbare
844 1004 976 1091 legitur,
999 1014 1129 1089 operte,
1149 1014 1187 1068 ut
1206 1014 1299 1068 reete
1323 1003 1370 1067 iu·

240 1118 519 1207 dicetSiiligios‚
539 1121 803 1208 interpolatione.
828 1123 1032 1197 ,Editionem
1054 1125 1141 1190 enim
1155 1121 1370 1190 parmensem

240 1259 275 1306 m
292 1239 388 1303 1476
409 1239 537 1306 hebere
558 1244 659 1308 tradit
672 1244 842 1310 Pintienus
862 1266 949 1339 quae
964 1266 1089 1338 'mappa
1111 1243 1284 1338 quaeritur
1300 1239 1367 1327 fob.

240 1356 403 1422 Codices
419 1369 530 1424 eutem
546 1359 631 1429 Mes.
644 1360 802 1447 leguntR
818 1382 976 1456 mugnuq3
999 1361 1087 1424 riter
1107 1380 1147 1422 ce
1168 1357 1265 1444 (haec
1276 1381 1317 1423 m.
1329 1360 1367 1446 2)

240 1488 274 1540 Θ
295 1496 519 1569 quaerunque
529 1477 702 1572 quaeritur
715 1475 779 1574 hie,
802 1477 853 1542 Td
874 1499 959 1577 quae
972 1500 1093 1567 maqna
1107 1479 1281 1572 quaeritur
1293 1476 1366 1560 huc,

239 1593 353 1658 codd.
375 1593 475 1662 Bcrb.
495 1617 616 1684 mque
641 1593 801 1689 equidem.
859 1594 896 1659 ln
917 1595 1127 1660 emendando
1153 1605 1263 1662 eutem
1287 1597 1364 1662 loco

240 1708 373 1795 procui
392 1709 550 1776 habende
572 1712 635 1777 erit
656 1710 763 1796 prime
778 1730 847 1775 vox
866 1733 966 1804 quoe,
991 1710 1101 1777 aliena
1122 1732 1143 1778 a
1163 1714 1258 1780 codd.
1279 1714 1311 1778 R
1332 1727 1366 1780 et

240 1828 368 1908 Baro„
390 1829 424 1892 iu
443 1831 567 1894 ceteris
586 1849 606 1893 e
625 1827 845 1914 sequentibus
868 1829 980 1894 verbis
1003 1839 1129 1894 temere
1149 1833 1301 1915 repetita.
1327 1833 1365 1898 ln

239 1944 391 2031 reliquis
414 1947 533 2010 deinde
554 1945 683 2012 omissa
702 1943 817 2009 ultime
837 1931 948 2010 littere
970 1941 1042 2025 c,'r
1064 1968 1148 2012 vero
1170 1949 1205 2012 in
1227 1965 1258 2030 s,
1282 1969 1364 2034 que-

241 2085 322 2129 eum
347 2064 551 2148 saepissime
577 2059 737 2133 confundi
764 2050 880 2126 notum
903 2071 957 2125 est
984 2070 1127 2141 mutate,
1151 2061 1281 2129 lineolis
1303 2086 1363 2148 po·

240 2196 375 2250 stremo
394 2179 482 2270 que'e
495 2192 715 2262 evanuerant,
734 2178 895 2246 restitutis
916 2179 1114 2266 scripturam
1135 2183 1364 2249 nanciscimur

242 2323 379 2381 veram,
398 2303 462 2367 nisi
483 2301 596 2381 folior,
619 2313 653 2368 et
673 2300 877 2387 elegantem:

440 2442 616 2509 uuquam
637 2419 872 2515 quaesituro
891 2413 1170 2505 fabulositatem.

329 2572 476 2636 Primum
500 2572 586 2637 enim
608 2572 698 2657 quod
720 2571 753 2637 in
771 2573 907 2651 Aristeu
926 2573 1077 2639 mirabile
1098 2573 1237 2653 accidit,
1266 2575 1359 2639 corvi

240 2689 303 2754 fuit
339 2688 510 2768 moratus,
538 2699 616 2774 post
646 2708 744 2776 quem
772 2699 891 2756 secute
916 2699 995 2756 sunt
1018 2688 1201 2776 longinque
1228 2689 1359 2770 itinere,

241 2809 374 2873 reditus
395 2809 428 2873 in
445 2809 586 2893 petrium
609 2819 643 2872 et
662 2819 741 2894 post
761 2828 870 2874 annos
884 2807 1026 2893 amplius
1044 2816 1214 2874 trecentos
1234 2808 1359 2874 adven·

242 2939 296 2993 tue
325 2927 363 2992 iu
385 2927 632 3012 Metapontum,
659 2925 704 2993 cf.
722 2926 848 2992 Herod.
867 2924 927 2993 IV.
943 2923 1091 2995 13—15.
1142 2925 1359 3010 Quapropter

243 3047 357 3113 euim
376 3045 479 3126 scite,
501 3046 579 3113 dum
600 3045 740 3131 primum
760 3044 855 3110 corni
881 3040 996 3129 effigie
1017 3040 1142 3127 evolet,
1163 3040 1358 3110 fabulosita-

244 3176 309 3230 tem
334 3163 523 3250 quaesiisse
545 3163 674 3240 dicitur.

657 3329 938 3425 191=5o,57.
1372 3348 1436 3416 15ss

290 3484 435 3561 Emere
461 3508 506 3558 ec
531 3484 695 3561 vendere
721 3481 879 3559 instituit
904 3481 1021 3560 Liber
1047 3491 1166 3584 peter.
1254 3549 1258 3557 ,

328 3653 498 3718 Laconem
518 3653 552 3721 h.
568 3651 589 3720 1.
616 3637 735 3719 inesse⁴
756 3652 948 3737 suspicatus
976 3662 1029 3718 est
1056 3653 1225 3720 Osennus'
1238 3647 1355 3714 PhiloL

246 3769 317 3834 VII.
328 3794 360 3856 p.
369 3769 443 3857 394,
465 3792 564 3860 quum
582 3792 669 3861 quae
686 3771 742 3838 hic
755 3770 890 3838 Baccho
904 3772 1090 3836 tribuuntur
1102 3769 1264 3836 Mercurii
1284 3790 1355 3834 mu·

246 3909 306 3955 nus
325 3888 461 3970 fuerint,
485 3910 626 3976 eamque
649 3891 700 3956 sic
722 3888 881 3974 explevit,
903 3898 940 3952 ut
961 3897 1040 3972 post
1054 3909 1084 3953 v.
1103 3886 1246 3949 instituit
1265 3872 1354 3950 irise·

246 4021 350 4074 reret:
376 4009 582 4088 Mercurios,
605 4007 796 4083 libertatem.
839 4003 940 4072 Haud
960 4005 1034 4071 scio
1057 4025 1101 4071 un
1122 4012 1218 4069 reete
1239 4023 1354 4070 sense

245 4126 294 4192 rit
338 4127 439 4203 Quod
461 4125 549 4192 enim
568 4125 660 4210 opud
679 4123 872 4192 Varronem
892 4122 931 4190 L.
945 4122 987 4187 L.
1011 4123 1069 4190 Vl.
1082 4123 1134 4194 14.
1153 4121 1354 4190 Liberalium

246 4243 295 4310 die
315 4266 405 4312 nnus
425 4265 487 4331 per
508 4253 613 4310 totum
638 4241 797 4328 oppidum
823 4241 948 4307 sedere
970 4241 1125 4308 dicuntur
1151 4262 1256 4322 „curn
1278 4241 1354 4308 libis

247 4372 277 4426 et
297 4361 414 4429 foculo
433 4381 497 4445 pro
521 4370 673 4446 emptore
692 4357 962 4443 seerfficontes“,
984 4359 1062 4425 inde
1084 4361 1214 4427 minime
1235 4380 1354 4426 couse-

247 4480 354 4564 quitur
380 4479 495 4546 deum·
512 4481 623 4566 ipsum
648 4499 728 4545 cum
760 4489 950 4546 mercuurre
978 4480 1205 4548 Romanorum
1231 4474 1354 4544 sabulis
