3567 5559
660 523 761 591 Liber
784 525 893 594 VIII.
968 583 972 590 .
1273 527 1335 594 149

218 715 294 777 baro
321 712 497 797 pendent,
523 711 624 777 veluti
642 711 819 779 Benedicti
844 710 990 778 editione
1017 714 1192 796 reperitur.
1235 715 1331 788 Quae

218 841 321 895 antem
346 831 455 916 vulgo
482 832 637 916 leguntur
663 835 768 898 verba
797 854 860 897 acc
886 834 954 898 nisi
978 833 1121 920 spatioso
1149 831 1332 898 inmittunt

217 950 348 1015 laxitate
378 963 415 1016 et
446 973 471 1016 a
491 954 586 1016 bonis
610 953 782 1018 codicibus
804 952 987 1018 abhorrent
1016 960 1050 1016 et
1079 951 1152 1016 usui
1172 949 1330 1035 loquendi

216 1081 412 1157 repugnant.
467 1071 583 1134 Verba
603 1071 688 1135 enim
711 1071 901 1148 „incubare
910 1075 933 1109 “
965 1079 999 1133 et
1022 1067 1228 1132 rarissimum
1253 1069 1329 1147 „in-

217 1190 389 1253 cubitare“
410 1189 462 1252 ita
485 1199 610 1250 tantum
628 1186 764 1273 intelligi
787 1197 945 1271 possent,
976 1196 1011 1251 ut
1032 1205 1137 1270 supra
1157 1186 1329 1250 laxitatem

218 1308 334 1371 cubare
357 1307 558 1371 dicerentur
579 1305 677 1386 asini,
696 1324 782 1390 quae
804 1315 915 1370 tamen
937 1327 999 1391 pro
1022 1304 1111 1371 lecto
1126 1302 1199 1368 sive
1220 1314 1327 1370 strato

216 1426 268 1490 uix
286 1425 337 1491 vel
360 1427 405 1491 ab
430 1425 659 1511 audacissimo
682 1425 848 1508 scriptore
876 1433 1106 1508 usurparetur.
1163 1424 1327 1511 Silligium

217 1555 317 1608 autem
338 1566 428 1630 qnae
450 1546 485 1609 in
506 1554 697 1609 contextum
717 1545 897 1609 verborum
911 1545 1050 1629 recepit,
1072 1565 1135 1628 pro
1148 1545 1240 1610 veris
1252 1566 1326 1632 ger-

221 1663 381 1748 manisque
406 1662 507 1726 Plinii
534 1662 648 1727 verbis
676 1681 720 1734 ne
745 1661 853 1744 ipsum
876 1661 1009 1747 quidem
1030 1661 1157 1728 habere
1180 1661 1324 1743 conlido,

220 1799 306 1861 quum
332 1780 425 1846 omni
454 1799 558 1846 sensu
584 1780 649 1843 sint
675 1779 841 1844 destitute.
896 1779 1114 1853 Quum-*vero
1142 1792 1176 1845 et
1204 1781 1324 1847 codd

222 1895 382 1980 incubitot,
412 1909 449 1962 et
472 1897 629 1962 disertius
651 1898 751 1961 etiam
778 1897 811 1961 R
836 1895 993 1962 exhibeat
1020 1896 1185 1976 incubita,
1212 1899 1324 1984 quidni

222 2035 279 2079 une
294 2016 438 2082 litterula
459 2025 588 2080 mutata
608 2015 795 2078 scribemus

421 2153 487 2197 nec
507 2132 574 2194 nisi
593 2131 737 2217 spetioso
758 2131 793 2192 iu
815 2129 951 2193 cubitu
971 2129 1110 2212 laxitas,

225 2247 402 2318 bocsensu:
423 2251 558 2336 „asinis
575 2271 675 2336 quum
689 2250 856 2316 dormiunt
876 2261 1007 2316 vastum
1031 2262 1156 2316 tantum
1179 2252 1321 2338 spatium

228 2382 272 2430 est
288 2373 344 2438 ie.
362 2373 448 2437 setis
471 2382 540 2454 est,
568 2368 729 2436 sufficit.“
784 2370 973 2436 Locutione
1002 2382 1111 2435 antem
1140 2373 1321 2456 „spatiosa

229 2484 351 2554 laxitas“
367 2492 507 2576 saepius
530 2487 630 2553 utitur
651 2486 787 2568 Plinius,
812 2487 1051 2569 volatilium,
1066 2487 1121 2554 Xl.
1138 2488 1211 2558 109.

621 2658 696 2732 209
709 2660 821 2753 =5l‚
835 2657 897 2732 77.
1338 2675 1399 2741 187

271 2789 466 2872 Adhibetur
500 2804 538 2869 et
564 2819 623 2868 ars
650 2792 766 2868 iecori
792 2792 1009 2867 feminarum
1044 2791 1194 2891 (sunm)
1221 2789 1319 2865 sicut

271 2947 440 3027 anserum,
467 2931 656 3007 inventum
683 2931 737 3005 M.
760 2928 882 3028 Apici,
911 2929 983 3004 fico
1011 2926 1114 3002 arida
1144 2926 1317 3029 saginatis

273 3083 315 3137 ac
337 3069 473 3162 satie,
499 3066 641 3142 necetis
667 3072 823 3164 repente
850 3061 959 3138 mulsi
985 3071 1077 3162 potu
1100 3062 1198 3137 dato.

301 3195 445 3268 liveriis
480 3221 566 3286 quae
599 3200 644 3264 ad
678 3198 768 3262 bunc
801 3198 910 3269 locum
945 3197 1097 3282 prolatae
1127 3208 1205 3263 sunt
1234 3217 1316 3262 con-

235 3304 346 3382 iecturis
371 3341 436 3386 una
466 3317 609 3385 Barbari
647 3317 745 3400 (nem
775 3315 971 3381 coniectura
1003 3337 1085 3380 usus
1118 3337 1196 3382 esse
1223 3315 1315 3383 vide-

236 3433 292 3507 tui>
311 3455 399 3519 quum
419 3441 572 3505 sotietate
592 3437 724 3522 quidem
748 3436 852 3529 etiam
866 3436 899 3500 in
913 3433 963 3500 Τά
984 3435 1128 3522 legatur,
1150 3435 1212 3501 sed
1235 3453 1256 3497 a
1280 3436 1314 3501 in

236 3531 401 3637 Ktentum,
429 3560 465 3624 id
492 3570 545 3622 est
570 3558 609 3621 in'
631 3555 755 3622 Vetere
783 3536 1006 3641 Delecempii,
1043 3577 1109 3642 qna
1134 3558 1210 3641 ipsa
1237 3556 1269 3622 b.
1292 3554 1313 3620 Ι.

238 3655 350 3734 Barbari
369 3674 469 3741 lectio
492 3674 715 3760 significatur)
741 3696 762 3736 o
781 3676 933 3738 sotietate
953 3676 987 3738 id
1009 3687 1061 3740 est
1087 3688 1193 3760 „post
1214 3676 1314 3741 satie·

239 3785 337 3848 tetem‘
357 3793 537 3874 probabilis
557 3792 759 3878 appellanda
781 3805 844 3857 est.
874 3793 1038 3876 Displicet
1059 3804 1169 3857 tamen
1192 3793 1314 3860 violen-

239 3891 274 3958 lla
289 3914 473 3991 structurae,
494 3933 561 3997 qua
579 3932 646 3977 vox
668 3917 800 3996 repente
822 3909 889 3974 alia
910 3909 1086 3974 interiecta
1107 3911 1149 3973 ab
1166 3909 1313 3980 ablativo

242 4028 313 4101 casu,
332 4045 401 4093 cnm
423 4051 489 4115 quo
512 4039 621 4094 temen
642 4027 810 4092 artissime
832 4027 1014 4108 cohaeret,
1036 4027 1206 4097 dirimitur.
1250 4028 1314 4096 Fa·

239 4127 311 4200 cilius
330 4155 361 4207 et
380 4147 575 4231 elegantius,
597 4146 729 4230 opinor,
752 4144 936 4209 scribetur:

646 4263 697 4327 od
723 4265 873 4328 satiem.

272 4365 510 4451 voracissimum
532 4385 618 4450 enim
639 4383 762 4448 animal
780 4405 847 4450 non
866 4386 900 4449 vi
921 4386 1075 4471 quadam,
1097 4389 1195 4455 sicuti
1215 4408 1313 4455 ense-

243 4499 296 4565 res,
313 4497 352 4562 td
368 4500 487 4570 familia
508 4505 737 4571 consumenda
760 4526 846 4590 opus
869 4517 943 4572 erat
968 4517 1005 4572 ut
1027 4508 1229 4593 adigeretur,
1252 4506 1313 4572 sed
