3567 5559
449 726 555 802 us·
894 733 985 798 ouer
1003 736 1114 800 run.

530 927 649 996 Nescio
670 949 727 994 our
753 931 946 1016 optinorum
967 931 1120 996 librorum
1137 924 1331 998 ‘tectionem
1351 942 1424 995 toxo
1444 925 1534 1012 (iat

448 1066 530 1112 toxo
541 1046 589 1126 V)
614 1023 792 1131 spreverint
815 1047 965 1115 editores.
994 1051 1118 1134 Feguur
1136 1050 1224 1114 enim
1244 1071 1291 1114 ue
1312 1049 1414 1114 0110ῐο
1433 1045 1536 1132 quidus

449 1165 521 1230 icoo
554 1163 644 1233 XVI.
667 1164 705 1230 31
738 1164 880 1249 reperies
907 1164 967 1230 sed
1001 1167 1130 1251 pirrum,
1171 1169 1313 1251 primm
1342 1166 1412 1232 eius
1437 1180 1539 1250 geon

450 1282 607 1364 arborem,
629 1282 723 1346 ouius
742 1288 835 1347 sextu
851 1281 940 1346 XVI.
964 1282 1006 1350 00
1026 1290 1124 1353 taxus
1146 1283 1354 1351 describitur.

258 1435 261 1445 ·
366 1396 429 1466 489
855 1403 929 1478 100
949 1425 993 1462 ³
1017 1407 1142 1493 23,08.

456 1559 462 1568 ·
499 1529 678 1608 imbribus
705 1533 928 1630 proveniunt
963 1533 1087 1611 omnia
1111 1533 1224 1624 haec,
1265 1533 1391 1610 imbre
1430 1536 1465 1606 et
1495 1525 1542 1604 sii·

499 1662 635 1768 phium.
685 1664 794 1740 Venit
833 1665 949 1766 primo
975 1691 997 1742 e
1024 1665 1196 1766 CyreniS,
1234 1675 1275 1743 ut
1316 1666 1460 1742 dictum
1487 1666 1542 1748 est

500 1823 547 1875 ex
573 1795 681 1897 Syria
719 1821 817 1874 nunc
849 1800 1007 1876 maxime
1038 1799 1271 1899 importatur,
1299 1859 1308 1875 .
1340 1857 1349 1874 .
1382 1796 1541 1874 exstincto

499 1932 597 2010 omni
624 1930 844 2034 Cyrenaico,
871 1939 912 2007 ut
938 1931 1106 2017 diximus,

532 2064 582 2130 Ns
603 2063 655 2129 hic
677 2063 806 2152 quidem
826 2063 971 2159 putidam
993 2064 1272 2148 interpolationem
1287 2064 1436 2130 editores
1459 2064 1542 2123 sustu·

450 2183 564 2265 ierunt.
594 2181 767 2265 Vocabulis
788 2183 873 2246 enim
895 2202 911 2244 e
934 2187 1060 2264 Cyrenis
1080 2201 1163 2268 quae
1185 2202 1289 2268 neque
1310 2178 1541 2269 inutraque

450 2279 525 2364 inii
554 2299 759 2363 inveniuntur
785 2306 821 2362 ut
847 2318 907 2383 par
931 2305 981 2362 est
1005 2299 1146 2362 omissis·
1160 2320 1225 2364 non
1252 2299 1346 2365 XIX.
1371 2298 1431 2378 38,
1468 2310 1543 2379 quem

449 2415 555 2478 locum
578 2414 643 2478 Siil.
666 2415 783 2498 attulit,
805 2414 863 2493 aed
882 2413 974 2479 XIX.
996 2416 1036 2480 41
1058 2417 1175 2502 respici
1195 2417 1400 2504 intelligitur,
1432 2413 1483 2478 ubi
1502 2408 1540 2472 sit·

449 2531 558 2617 phium
581 2538 701 2616 ,natum
723 2533 826 2638 imtre
846 2534 949 2629 piceo‘
972 2532 1112 2599 dicitur.-
1140 2532 1352 2598 Scribendum
1365 2526 1431 2598 'est
1450 2529 1541 2615 igitur:

491 2653 518 2712 I.
533 2672 565 2730 p.
589 2671 616 2714 o.
638 2655 680 2733 tu,
699 2655 792 2713 imbre
812 2662 842 2758 et
862 2655 999 2732 silphium
1014 2657 1093 2714 uertit
1108 2657 1229 2745 primo„
1253 2663 1287 2715 ut
1306 2657 1422 2717 dictum
1445 2657 1499 2719 cct;
1521 2659 1539 2702 e.

492 2773 523 2834 S.
546 2790 575 2830 u.
598 2775 659 2834 etc.

532 2885 646 2972 §.107
678 2883 797 2949 codicis
819 2883 859 2945 V·
880 2883 1051 2948 lectionem
1080 2890 1272 2965 desperantia
1300 2891 1472 2951 cicatricem
1491 2879 1539 2940 ium
1594 2840 1597 2997 Ι

449 3003 525 3085 olim
547 3003 727 3068 Gronovius
747 3008 834 3066 recte
857 3000 916 3065 sed
937 3001 1056 3086 frustm
1076 3003 1277 3088 probaverat.
1592 3011 1597 3187 1

366 3131 429 3198 490
667 3125 739 3198 110
765 3155 799 3184 =
824 3122 945 3210 24‚5t.
980 3118 1054 3207 tde
1078 3143 1174 3220 aqua
1201 3120 1356 3215 mulsa).

499 3251 708 3351 Repentina
736 3296 776 3308 -
805 3247 1033 3350 praeclaram
1053 3248 1242 3335 utilitatem
1267 3253 1382 3346 hahet
1406 3253 1446 3331 iu
1470 3243 1538 3324 cibo

499 3384 770 3482 aegrotantium
795 3381 872 3462 levi
902 3381 976 3462 hoc
1002 3391 1060 3461 est
1091 3383 1209 3462 alicae
1236 3385 1378 3477 elutos,
1418 3378 1539 3460 virtius

497 3515 734 3604 recreandis,
775 3514 829 3592 ori
860 3515 1129 3614 stomachoque
1168 3516 1388 3610 mulcendo,
1434 3503 1540 3591 ardori

496 3643 761 3747 refrigerando.
794 3655 799 3662 “

531 3801 584 3847 ore
603 3779 680 3845 boni
700 3778 845 3862 codices,
875 3784 990 3843 ardore
1008 3779 1056 3860 R,
1079 3785 1209 3844 ardores
1228 3779 1345 3864 VTd‚
1382 3777 1465 3867 quod
1490 3764 1538 3835 etti

448 3901 553 3964 minus
581 3897 771 3963 concinnum
793 3898 871 3961 Iano
905 3896 1034 3982 placuit.
1077 3896 1220 3974 Tertium
1242 3895 1292 3960 his
1318 3897 1445 3965 casibus
1465 3888 1536 3958 ablu·

449 4015 549 4079 tirum
571 4015 671 4080 addo:
694 4022 775 4080 oliuu
796 4021 875 4078 eluta
898 4013 948 4081 cll.
970 4013 1000 4099 §
1023 4011 1102 4097 1285
1124 4014 1307 4099 genetivum
1324 4015 1411 4080 enim
1431 4015 1498 4101 post
1512 4022 1534 4066 t·

448 4135 507 4194 tor
528 4142 573 4194 est
588 4131 642 4194 rix
662 4131 831 4195 terendum
853 4143 926 4197 'esse
947 4131 1134 4216 putaverim.

531 4248 561 4332 §.
583 4247 646 4314 134
666 4251 866 4324 infunduntur
887 4248 973 4334 quod
991 4253 1098 4312 exstet
1117 4246 1151 4313 in
1172 4249 1203 4313 R
1215 4247 1280 4313 vd
1299 4248 1493 4314 retinendum
1511 4241 1536 4300 ti

450 4365 491 4434 ad
512 4363 657 4452 pastillos
678 4363 882 4429 referendum
904 4370 965 4429 est.
1074 4443 1081 4451 ¹

790 4539 791 4544 ’
859 4534 929 4610 130
956 4556 991 4584 ³⁴
1046 4537 1081 4622 5,

276 4755 283 4761 Q
343 4677 347 4685 '
499 4664 654 4760 tisanae
693 4536 1051 4767 (1016111011εέ
1080 4536 1289 4757 iilwdes
1318 4654 1532 4760 το00001

316 4575 322 4584 .
367 4473 427 4544 491
