3567 5559
691 724 779 790 Liber
798 724 925 786 XXIX.
1303 721 1364 792 175

232 921 366 987 lictant
393 937 466 985 osse
486 918 594 999 miror,
615 915 657 982 ot
677 915 833 985 XXVIII.
854 917 927 985 153.
948 918 977 1001 ὅ.
998 916 1040 988 88
1062 915 1128 985 VR
1146 919 1289 997 resciret,
1316 937 1364 980 re-

230 1043 333 1116 seret
355 1042 445 1104 recte
466 1035 655 1103 Gronovius.
1498 1063 1504 1074 ·

706 1155 912 1241 ιιι-433.
1204 1160 1209 1172 ·
1386 1141 1449 1212 640

307 1285 467 1381 (Cetera
484 1290 688 1376 venenata)
718 1283 838 1383 perire
862 1284 1091 1360 conscientia
1111 1283 1283 1361 dicuntur
1298 1283 1367 1362 ho-'

300 1420 409 1495 mine
433 1393 614 1533 percusso
652 1437 775 1514 neque
801 1416 959 1517 amplius
986 1416 1126 1493 admitti
1166 1415 1213 1492 ad
1239 1423 1366 1508 terras,

303 1549 544 1627 salamandra
569 1548 634 1624 rel.

344 1681 504 1745 Pluralem
532 1699 699 1743 nnmerum
733 1681 877 1766 ineptum
907 1698 980 1744 csse
1013 1686 1059 1763 ot¹
1073 1700 1109 1745 re
1130 1681 1201 1767 ipsa
1239 1687 1271 1745 et
1297 1681 1367 1746 loco

246 1800 361 1866 simili
382 1800 424 1864 11.
446 1800 506 1864 too
528 1797 694 1862 docemur:
722 1811 830 1862 tetram
851 1803 939 1862 recto
961 1796 1115 1865 exhibant
1129 1797 1174 1862 R¹
1189 1797 1263 1881 'ld3
1286 1809 1369 1861 terro

245 1919 284 1982 V
312 1928 416 1980 terras
435 1914 491 1980 R'.
519 1914 647 1978 Scilicet
668 1915 699 1978 in
723 1914 896 2000 archetypo
919 1913 1025 1980 iuerat
1040 1925 1134 1998 terro,
1156 1914 1242 2000 quod
1263 1915 1369 2001 ipsum

245 2035 421 2100 retinetur
439 2032 473 2095 in
491 2030 538 2114 V;
560 2030 641 2095 R²o
662 2033 828 2116 proximae
848 2033 936 2097 vocis
959 2031 1049 2098 initio
1073 2038 1240 2117 corruptus
1263 2039 1320 2098 est.

524 2153 727 2242 84:4‚27
756 2151 825 2244 (dc
851 2148 1098 2251 phalangiis).
1389 2177 1449 2245 641

309 2281 553 2358 inveniuntur
585 2289 623 2360 et
658 2284 818 2362 cortices
854 2307 982 2366 eorum
1017 2284 1080 2383 qui
1109 2282 1182 2366 uiti
1220 2289 1257 2362 et
1291 2282 1369 2382 poti

310 2414 527 2509 medentum
562 2415 754 2510 [mustelae
781 2414 909 2508 catuli,
936 2424 976 2494 ut
1001 2417 1160 2498 diximus
1186 2414 1322 2517 supra]

347 2546 387 2610 V.
409 2552 541 2612 diximus
563 2548 656 2614 abest
677 2569 697 2614 a
716 2549 806 2615 libris
826 2548 930 2631 MSS„
951 2569 1034 2635 quae
1062 2555 1233 2636 supersunt
1255 2547 1370 2618 abesse

252 2664 434 2730 debebant.
476 2665 600 2730 Plinius
636 2667 721 2730 enim
755 2686 859 2752 neque
887 2687 985 2752 supra
1011 2667 1032 2732 i.
1060 2686 1089 2732 a.
1119 2667 1148 2752 §.
1170 2665 1212 2736 60
1247 2664 1369 2731 catulos

256 2781 475 2848 mustelarum
496 2790 609 2848 contra
635 2783 808 2868 phalangia
830 2783 936 2848 valere
958 2783 1090 2848 tradidit
1111 2803 1216 2870 neque
1239 2780 1370 2848 eosdem

260 2903 293 2985 ᾗ.
317 2900 361 2966 88
388 2899 465 2963 alibi
486 2921 507 2964 a
540 2920 576 2964 se
599 2907 863 2966 commemoratos
885 2921 958 2966 esse
983 2902 1045 2965 nisi
1082 2901 1126 2982 ,in
1147 2898 1370 2986 serpentibua‘.

258 3017 337 3092 Quo
359 3023 495 3103 utroque
517 3025 705 3104 argumento
728 3017 873 3101 efficitur,
900 3018 931 3082 h.
953 3019 972 3082 l.
994 3019 1027 3083 in
1049 3017 1230 3104 phalangiis
1252 3015 1370 3082 descri-

260 3134 379 3200 bendis
400 3135 521 3199 nullam
536 3155 646 3200 eorum
666 3137 862 3201 mentionem
884 3136 962 3203 ficri.
985 3135 1120 3201 Accedit
1132 3135 1218 3222 quod
1238 3131 1370 3202 verbum

259 3273 306 3317 ne
325 3252 448 3316 Plinius
470 3253 598 3339 quidem
620 3254 714 3318 facile
736 3255 906 3318 omisisset.
928 3254 1015 3319 Nihil
1035 3255 1133 3340 igitur
1153 3258 1254 3320 restat
1275 3271 1370 3338 quam

259 3378 300 3434 nt
325 3370 485 3454 quomodo
513 3371 614 3434 rerba
639 3371 914 3456 importunissima
934 3372 1021 3435 huic*
1037 3373 1238 3456 potissimum
1261 3369 1370 3435 sensui

262 3486 407 3550 adscribi
433 3488 596 3571 potuerint
615 3487 882 3552 demonstremus.
925 3487 1025 3576 Cuius
1046 3490 1162 3555 erroris
1185 3489 1275 3576 origo
1306 3507 1371 3552 non

259 3611 330 3669 tam
352 3624 372 3667 a
393 3624 499 3669 rcmm
519 3603 659 3690 quadam
681 3605 870 3671 confusione
895 3627 991 3692 quam
1013 3607 1053 3671 ab
1076 3605 1241 3691 archetypi
1262 3604 1369 3689 spacio

258 3721 441 3808 repetenda
461 3731 520 3785 est.
563 3721 668 3796 Quum
690 3724 776 3787 enim
799 3723 829 3806 8.
851 3723 893 3790 88
924 3724 1031 3788 verbis
1063 3722 1230 3804 ,mustelae
1252 3720 1369 3801 catulo,

257 3840 353 3904 utin
374 3837 575 3924 serpentibus
595 3840 715 3904 dictim
736 3844 797 3905 est‘
824 3841 859 3905 in
880 3841 1025 3926 margine
1046 3840 1174 3904 rubrica
1200 3837 1369 3921 ‚mustelae

257 3956 371 4038 catuli,
391 3963 427 4020 nt
447 3960 556 4041 supra‘
581 3955 693 4021 addita
713 3963 816 4040 esset,
851 3957 971 4022 iactum
993 3964 1099 4023 estut
1124 3977 1224 4021 unum
1245 3961 1368 4044 protar-

259 4074 392 4158 chetypi
411 4072 523 4138 folium
541 4074 773 4160 quinquaginta
792 4097 944 4141 versuum
971 4076 1026 4162 qui
1046 4074 1113 4140 fere
1135 4073 1222 4140 mille
1243 4081 1368 4139 trecen-

221 4173 226 4182 ·
258 4200 311 4256 tas
334 4197 391 4256 aut
411 4190 661 4277 quadringentas
682 4193 806 4257 litteras
829 4193 1037 4259 continebant
1055 4189 1368 4280 (Moooxxlsstit

258 4318 349 4375 taras
390 4309 574 4393 numerari)
617 4308 739 4377 librarii
770 4331 878 4382 errore
905 4331 979 4378 oum
1005 4313 1106 4378 altero
1134 4315 1370 4399 permutaretur

258 4430 400 4516 indeque
414 4427 497 4514 §84
517 4427 692 4496 adderetur
710 4428 812 4494 index
832 4429 888 4515 qni
908 4430 950 4498 ad
971 4433 1001 4517 ς.
1014 4431 1056 4498 88
1075 4429 1266 4516 pertinebat.

434 4555 485 4628 86
503 4553 688 4632 :ibidem
717 4551 786 4647 (de
811 4549 1003 4652 pbalangii
1027 4549 1191 4651 specie).
1372 4585 1453 4657 ,542

305 4684 475 4765 Vocatur
499 4694 537 4762 et
560 4685 720 4787 rhagion
746 4688 854 4765 acino
879 4689 988 4787 nigro
1016 4681 1157 4762 similis.
