<?xml version="1.0" encoding="UTF-8"?>
<!DOCTYPE html PUBLIC "-//W3C//DTD XHTML 1.0 Transitional//EN"
    "http://www.w3.org/TR/xhtml1/DTD/xhtml1-transitional.dtd">
<html xmlns="http://www.w3.org/1999/xhtml" xml:lang="en" lang="en">
 <head>
  <title>
</title>
<meta http-equiv="Content-Type" content="text/html;charset=utf-8" />
  <meta name='ocr-system' content='tesseract 3.04.00' />
  <meta name='ocr-capabilities' content='ocr_page ocr_carea ocr_par ocr_line ocrx_word'/>
</head>
<body>
  <div class='ocr_page' id='page_1' title='image "./vindiciaeplinia00urligoog_0162.png"; bbox 0 0 3567 5559; ppageno 0'>
   <div class='ocr_carea' id='block_1_1' title="bbox 390 724 451 791">
    <p class='ocr_par' dir='ltr' id='par_1_1' title="bbox 390 724 451 791">
     <span class='ocr_line' id='line_1_1' title="bbox 390 724 451 791; baseline 0.016 -1"><span class='ocrx_word' id='word_1_1' title='bbox 390 724 451 791; x_wconf 76' lang='lat'>189</span> 
     </span>
    </p>
   </div>
   <div class='ocr_carea' id='block_1_2' title="bbox 467 536 1114 604">
    <p class='ocr_par' dir='ltr' id='par_1_2' title="bbox 467 536 1114 604">
     <span class='ocr_line' id='line_1_2' title="bbox 467 536 1114 604; baseline 0 0"><span class='ocrx_word' id='word_1_2' title='bbox 467 537 529 604; x_wconf 75' lang='lat'>154</span> <span class='ocrx_word' id='word_1_3' title='bbox 925 536 1026 602; x_wconf 70' lang='lat' dir='ltr'>Liber</span> <span class='ocrx_word' id='word_1_4' title='bbox 1047 538 1114 604; x_wconf 87' lang='lat' dir='ltr'>IX.</span> 
     </span>
    </p>
   </div>
   <div class='ocr_carea' id='block_1_3' title="bbox 517 725 1594 1112">
    <p class='ocr_par' dir='ltr' id='par_1_3' title="bbox 515 725 1594 1112">
     <span class='ocr_line' id='line_1_3' title="bbox 923 725 1121 820; baseline -0.005 -20"><span class='ocrx_word' id='word_1_5' title='bbox 923 725 971 800; x_wconf 90' lang='grc'>16</span> <span class='ocrx_word' id='word_1_6' title='bbox 982 763 1021 798; x_wconf 88' lang='lat'>=</span> <span class='ocrx_word' id='word_1_7' title='bbox 1034 725 1070 820; x_wconf 89' lang='grc'>7,</span> <span class='ocrx_word' id='word_1_8' title='bbox 1085 727 1121 800; x_wconf 88' lang='grc'>6.</span> 
     </span>
     <span class='ocr_line' id='line_1_4' title="bbox 612 872 1594 976; baseline -0.005 -27.449"><span class='ocrx_word' id='word_1_9' title='bbox 612 875 650 950; x_wconf 92' lang='lat' dir='ltr'>iu</span> <span class='ocrx_word' id='word_1_10' title='bbox 677 901 749 976; x_wconf 92' lang='lat' dir='ltr'>qua</span> <span class='ocrx_word' id='word_1_11' title='bbox 774 875 957 952; x_wconf 85' lang='lat' dir='ltr'>sententia</span> <span class='ocrx_word' id='word_1_12' title='bbox 989 877 1106 953; x_wconf 89' lang='lat' dir='ltr'>fuisse</span> <span class='ocrx_word' id='word_1_13' title='bbox 1133 875 1388 953; x_wconf 83' lang='lat' dir='ltr'><strong>Aristotelem</strong></span> <span class='ocrx_word' id='word_1_14' title='bbox 1418 872 1511 951; x_wconf 88' lang='lat' dir='ltr'>video</span> <span class='ocrx_word' id='word_1_15' title='bbox 1532 881 1558 944; x_wconf 87' lang='lat' dir='ltr'>et</span> <span class='ocrx_word' id='word_1_16' title='bbox 1593 955 1594 960; x_wconf 7' lang='grc' dir='ltr'>η</span> 
     </span>
     <span class='ocr_line' id='line_1_5' title="bbox 517 1009 1557 1112; baseline -0.006 -27"><span class='ocrx_word' id='word_1_17' title='bbox 517 1010 639 1086; x_wconf 89' lang='lat' dir='ltr'>multis</span> <span class='ocrx_word' id='word_1_18' title='bbox 672 1011 904 1110; x_wconf 85' lang='lat' dir='ltr'>persuasisse</span> <span class='ocrx_word' id='word_1_19' title='bbox 937 1013 1103 1088; x_wconf 89' lang='lat' dir='ltr'>doctrina</span> <span class='ocrx_word' id='word_1_20' title='bbox 1136 1011 1368 1112; x_wconf 75' lang='lat' dir='ltr'>indignis·</span> <span class='ocrx_word' id='word_1_21' title='bbox 1424 1009 1495 1084; x_wconf 85' lang='lat' dir='ltr'>Nec</span> <span class='ocrx_word' id='word_1_22' title='bbox 1515 1031 1557 1080; x_wconf 90' lang='lat' dir='ltr'>ne</span> 
     </span>
    </p>
   </div>
   <div class='ocr_carea' id='block_1_4' title="bbox 517 1144 1559 1388">
    <p class='ocr_par' dir='ltr' id='par_1_4' title="bbox 517 1144 1559 1388">
     <span class='ocr_line' id='line_1_6' title="bbox 517 1144 1559 1251; baseline -0.006 -29"><span class='ocrx_word' id='word_1_23' title='bbox 517 1148 685 1247; x_wconf 90' lang='lat' dir='ltr'>protinus</span> <span class='ocrx_word' id='word_1_24' title='bbox 710 1147 797 1224; x_wconf 93' lang='lat' dir='ltr'>huic</span> <span class='ocrx_word' id='word_1_25' title='bbox 825 1150 988 1251; x_wconf 90' lang='lat' dir='ltr'>opinioni</span> <span class='ocrx_word' id='word_1_26' title='bbox 1012 1178 1142 1228; x_wconf 88' lang='lat' dir='ltr'>eorum</span> <span class='ocrx_word' id='word_1_27' title='bbox 1167 1152 1363 1228; x_wconf 85' lang='lat' dir='ltr'>accedere</span> <span class='ocrx_word' id='word_1_28' title='bbox 1390 1147 1481 1224; x_wconf 91' lang='lat' dir='ltr'>baud</span> <span class='ocrx_word' id='word_1_29' title='bbox 1507 1144 1559 1218; x_wconf 90' lang='lat' dir='ltr'>dis-</span> 
     </span>
     <span class='ocr_line' id='line_1_7' title="bbox 517 1284 951 1388; baseline 0.005 -28"><span class='ocrx_word' id='word_1_30' title='bbox 517 1284 663 1380; x_wconf 89' lang='lat' dir='ltr'>simulo,</span> <span class='ocrx_word' id='word_1_31' title='bbox 689 1287 861 1388; x_wconf 85' lang='lat' dir='ltr'>quoniam</span> <span class='ocrx_word' id='word_1_32' title='bbox 887 1297 951 1364; x_wconf 88' lang='lat' dir='ltr'>rel.</span> 
     </span>
    </p>
   </div>
   <div class='ocr_carea' id='block_1_5' title="bbox 467 1427 1559 1879">
    <p class='ocr_par' dir='ltr' id='par_1_5' title="bbox 467 1427 1559 1879">
     <span class='ocr_line' id='line_1_8' title="bbox 550 1427 1558 1526; baseline -0.01 -24"><span class='ocrx_word' id='word_1_33' title='bbox 550 1437 599 1504; x_wconf 86' lang='lat' dir='ltr'>lta</span> <span class='ocrx_word' id='word_1_34' title='bbox 618 1437 764 1522; x_wconf 81' lang='lat' dir='ltr'>Silligius</span> <span class='ocrx_word' id='word_1_35' title='bbox 786 1461 806 1504; x_wconf 88' lang='lat' dir='ltr'>e</span> <span class='ocrx_word' id='word_1_36' title='bbox 828 1441 937 1525; x_wconf 81' lang='lat' dir='ltr'>codd,</span> <span class='ocrx_word' id='word_1_37' title='bbox 957 1457 1097 1526; x_wconf 84' lang='lat' dir='ltr'>quorum</span> <span class='ocrx_word' id='word_1_38' title='bbox 1116 1452 1230 1506; x_wconf 88' lang='lat' dir='ltr'>tamen</span> <span class='ocrx_word' id='word_1_39' title='bbox 1243 1441 1280 1505; x_wconf 89' lang='lat' dir='ltr'>R</span> <span class='ocrx_word' id='word_1_40' title='bbox 1293 1438 1365 1510; x_wconf 87' lang='lat' dir='ltr'>etd</span> <span class='ocrx_word' id='word_1_41' title='bbox 1387 1453 1480 1520; x_wconf 89' lang='lat' dir='ltr'>quum</span> <span class='ocrx_word' id='word_1_42' title='bbox 1499 1427 1558 1493; x_wconf 87' lang='lat' dir='ltr'>scri·</span> 
     </span>
     <span class='ocr_line' id='line_1_9' title="bbox 467 1541 1558 1647; baseline -0.013 -26"><span class='ocrx_word' id='word_1_43' title='bbox 467 1557 549 1621; x_wconf 90' lang='lat' dir='ltr'>bunt</span> <span class='ocrx_word' id='word_1_44' title='bbox 572 1555 628 1620; x_wconf 88' lang='lat' dir='ltr'>vel</span> <span class='ocrx_word' id='word_1_45' title='bbox 656 1556 858 1646; x_wconf 65' lang='lat' dir='ltr'>indipnisffllls</span> <span class='ocrx_word' id='word_1_46' title='bbox 883 1558 937 1624; x_wconf 89' lang='lat' dir='ltr'>vel</span> <span class='ocrx_word' id='word_1_47' title='bbox 963 1557 1149 1647; x_wconf 72' lang='lat' dir='ltr'>iadipnisllll</span> <span class='ocrx_word' id='word_1_48' title='bbox 1176 1557 1311 1643; x_wconf 86' lang='lat' dir='ltr'>aliquid</span> <span class='ocrx_word' id='word_1_49' title='bbox 1344 1541 1558 1630; x_wconf 49' lang='lat' dir='ltr'>in‘arcbetypo</span> 
     </span>
     <span class='ocr_line' id='line_1_10' title="bbox 468 1666 1559 1759; baseline -0.006 -21"><span class='ocrx_word' id='word_1_50' title='bbox 468 1671 619 1740; x_wconf 78' lang='lat' dir='ltr'>defuisse</span> <span class='ocrx_word' id='word_1_51' title='bbox 638 1673 822 1759; x_wconf 84' lang='lat' dir='ltr'>declarant,</span> <span class='ocrx_word' id='word_1_52' title='bbox 844 1676 1022 1758; x_wconf 83' lang='lat' dir='ltr'>genitivum</span> <span class='ocrx_word' id='word_1_53' title='bbox 1040 1675 1212 1740; x_wconf 72' lang='lat' dir='ltr'>doetrinae</span> <span class='ocrx_word' id='word_1_54' title='bbox 1224 1677 1336 1740; x_wconf 86' lang='lat' dir='ltr'>babet</span> <span class='ocrx_word' id='word_1_55' title='bbox 1354 1675 1388 1754; x_wconf 85' lang='lat' dir='ltr'>d,</span> <span class='ocrx_word' id='word_1_56' title='bbox 1411 1666 1559 1732; x_wconf 69' lang='lat' dir='ltr'>documen</span> 
     </span>
     <span class='ocr_line' id='line_1_11' title="bbox 467 1789 1558 1879; baseline -0.015 -22"><span class='ocrx_word' id='word_1_57' title='bbox 467 1814 495 1860; x_wconf 90' lang='lat' dir='ltr'>r.</span> <span class='ocrx_word' id='word_1_58' title='bbox 537 1791 580 1856; x_wconf 89' lang='lat' dir='ltr'>Et</span> <span class='ocrx_word' id='word_1_59' title='bbox 600 1792 771 1859; x_wconf 87' lang='lat' dir='ltr'>Barbarus</span> <span class='ocrx_word' id='word_1_60' title='bbox 794 1794 926 1879; x_wconf 90' lang='lat' dir='ltr'>quidem</span> <span class='ocrx_word' id='word_1_61' title='bbox 951 1814 969 1857; x_wconf 92' lang='lat' dir='ltr'>e</span> <span class='ocrx_word' id='word_1_62' title='bbox 992 1815 1130 1859; x_wconf 88' lang='lat' dir='ltr'>suorum</span> <span class='ocrx_word' id='word_1_63' title='bbox 1149 1793 1317 1858; x_wconf 87' lang='lat' dir='ltr'>librorum</span> <span class='ocrx_word' id='word_1_64' title='bbox 1340 1789 1482 1856; x_wconf 88' lang='lat' dir='ltr'>lectione</span> <span class='ocrx_word' id='word_1_65' title='bbox 1500 1799 1558 1844; x_wconf 90' lang='lat' dir='ltr'>con·</span> 
     </span>
    </p>
   </div>
   <div class='ocr_carea' id='block_1_6' title="bbox 396 1908 1594 1998">
    <p class='ocr_par' dir='ltr' id='par_1_6' title="bbox 396 1908 1594 1998">
     <span class='ocr_line' id='line_1_12' title="bbox 396 1908 1594 1998; baseline -0.01 -20"><span class='ocrx_word' id='word_1_66' title='bbox 396 1975 410 1993; x_wconf 79' lang='grc'><strong><em>,</em></strong></span> <span class='ocrx_word' id='word_1_67' title='bbox 467 1914 594 1978; x_wconf 89' lang='lat' dir='ltr'>iectura</span> <span class='ocrx_word' id='word_1_68' title='bbox 614 1912 725 1978; x_wconf 83' lang='lat' dir='ltr'>effecit</span> <span class='ocrx_word' id='word_1_69' title='bbox 746 1912 915 1976; x_wconf 84' lang='lat' dir='ltr'>doctrinae</span> <span class='ocrx_word' id='word_1_70' title='bbox 935 1912 1153 1998; x_wconf 71' lang='lat' dir='ltr'>indopim‘bns,</span> <span class='ocrx_word' id='word_1_71' title='bbox 1176 1914 1271 1998; x_wconf 87' lang='lat' dir='ltr'>quod</span> <span class='ocrx_word' id='word_1_72' title='bbox 1292 1910 1397 1995; x_wconf 83' lang='lat' dir='ltr'>vulgo</span> <span class='ocrx_word' id='word_1_73' title='bbox 1419 1908 1557 1982; x_wconf 72' lang='lat' dir='ltr'>receptum</span> <span class='ocrx_word' id='word_1_74' title='bbox 1593 1945 1594 1954; x_wconf 24' lang='grc' dir='ltr'><strong>κ</strong></span> 
     </span>
    </p>
   </div>
   <div class='ocr_carea' id='block_1_7' title="bbox 466 2020 1557 3418">
    <p class='ocr_par' dir='ltr' id='par_1_7' title="bbox 466 2020 1557 3418">
     <span class='ocr_line' id='line_1_13' title="bbox 468 2020 1556 2116; baseline -0.021 -18"><span class='ocrx_word' id='word_1_75' title='bbox 468 2045 530 2098; x_wconf 89' lang='lat' dir='ltr'>est.</span> <span class='ocrx_word' id='word_1_76' title='bbox 575 2032 706 2097; x_wconf 90' lang='lat' dir='ltr'>Verum·</span> <span class='ocrx_word' id='word_1_77' title='bbox 723 2042 847 2097; x_wconf 91' lang='lat' dir='ltr'>tantum</span> <span class='ocrx_word' id='word_1_78' title='bbox 868 2033 966 2096; x_wconf 89' lang='lat' dir='ltr'>abest</span> <span class='ocrx_word' id='word_1_79' title='bbox 987 2041 1024 2096; x_wconf 89' lang='lat' dir='ltr'>ut</span> <span class='ocrx_word' id='word_1_80' title='bbox 1045 2031 1218 2116; x_wconf 82' lang='lat' dir='ltr'>„indago“</span> <span class='ocrx_word' id='word_1_81' title='bbox 1241 2031 1335 2094; x_wconf 89' lang='lat' dir='ltr'>idem</span> <span class='ocrx_word' id='word_1_82' title='bbox 1360 2020 1512 2108; x_wconf 85' lang='lat' dir='ltr'>significet</span> <span class='ocrx_word' id='word_1_83' title='bbox 1528 2031 1556 2075; x_wconf 88' lang='lat' dir='ltr'>ac</span> 
     </span>
     <span class='ocr_line' id='line_1_14' title="bbox 467 2134 1557 2234; baseline -0.016 -20"><span class='ocrx_word' id='word_1_84' title='bbox 467 2151 754 2229; x_wconf 86' lang='lat' dir='ltr'>„demonstratio“</span> <span class='ocrx_word' id='word_1_85' title='bbox 776 2152 849 2214; x_wconf 91' lang='lat' dir='ltr'>sive</span> <span class='ocrx_word' id='word_1_86' title='bbox 873 2157 1168 2234; x_wconf 82' lang='lat' dir='ltr'>„argumentum“‚</span> <span class='ocrx_word' id='word_1_87' title='bbox 1201 2161 1311 2214; x_wconf 90' lang='lat' dir='ltr'>utne</span> <span class='ocrx_word' id='word_1_88' title='bbox 1341 2147 1384 2210; x_wconf 88' lang='lat' dir='ltr'>de</span> <span class='ocrx_word' id='word_1_89' title='bbox 1410 2134 1557 2214; x_wconf 79' lang='lat' dir='ltr'>investiga·</span> 
     </span>
     <span class='ocr_line' id='line_1_15' title="bbox 469 2251 1557 2351; baseline -0.019 -20"><span class='ocrx_word' id='word_1_90' title='bbox 469 2268 558 2332; x_wconf 90' lang='lat' dir='ltr'>tione</span> <span class='ocrx_word' id='word_1_91' title='bbox 581 2268 712 2351; x_wconf 91' lang='lat' dir='ltr'>quidem</span> <span class='ocrx_word' id='word_1_92' title='bbox 734 2267 787 2330; x_wconf 87' lang='lat' dir='ltr'>vel</span> <span class='ocrx_word' id='word_1_93' title='bbox 808 2267 1018 2350; x_wconf 84' lang='lat' dir='ltr'>inquisitione</span> <span class='ocrx_word' id='word_1_94' title='bbox 1050 2255 1210 2331; x_wconf 83' lang='lat' dir='ltr'>translato</span> <span class='ocrx_word' id='word_1_95' title='bbox 1243 2285 1352 2330; x_wconf 89' lang='lat' dir='ltr'>sensu</span> <span class='ocrx_word' id='word_1_96' title='bbox 1377 2281 1397 2326; x_wconf 88' lang='lat' dir='ltr'>a</span> <span class='ocrx_word' id='word_1_97' title='bbox 1418 2251 1557 2324; x_wconf 87' lang='lat' dir='ltr'>veteribus</span> 
     </span>
     <span class='ocr_line' id='line_1_16' title="bbox 468 2362 1554 2468; baseline -0.012 -16"><span class='ocrx_word' id='word_1_98' title='bbox 468 2386 689 2468; x_wconf 84' lang='lat' dir='ltr'>scriptoribus</span> <span class='ocrx_word' id='word_1_99' title='bbox 722 2395 920 2468; x_wconf 80' lang='lat' dir='ltr'>usurpetur,</span> <span class='ocrx_word' id='word_1_100' title='bbox 959 2385 1000 2452; x_wconf 84' lang='lat' dir='ltr'>cf.</span> <span class='ocrx_word' id='word_1_101' title='bbox 1025 2385 1217 2451; x_wconf 84' lang='lat' dir='ltr'>Boetticher</span> <span class='ocrx_word' id='word_1_102' title='bbox 1234 2362 1332 2450; x_wconf 84' lang='lat' dir='ltr'>Lex.</span> <span class='ocrx_word' id='word_1_103' title='bbox 1362 2377 1466 2446; x_wconf 84' lang='lat' dir='ltr'>Tacit·</span> <span class='ocrx_word' id='word_1_104' title='bbox 1494 2390 1516 2432; x_wconf 80' lang='lat' dir='ltr'>s·</span> <span class='ocrx_word' id='word_1_105' title='bbox 1533 2385 1554 2427; x_wconf 75' lang='lat' dir='ltr'>l·</span> 
     </span>
     <span class='ocr_line' id='line_1_17' title="bbox 466 2485 1555 2588; baseline -0.021 -20"><span class='ocrx_word' id='word_1_106' title='bbox 466 2503 598 2568; x_wconf 86' lang='lat' dir='ltr'>Deinde</span> <span class='ocrx_word' id='word_1_107' title='bbox 620 2502 715 2566; x_wconf 89' lang='lat' dir='ltr'>brevi</span> <span class='ocrx_word' id='word_1_108' title='bbox 734 2503 1022 2588; x_wconf 76' lang='lat' dir='ltr'>argumentatione</span> <span class='ocrx_word' id='word_1_109' title='bbox 1042 2503 1143 2568; x_wconf 90' lang='lat' dir='ltr'>utitur</span> <span class='ocrx_word' id='word_1_110' title='bbox 1160 2501 1371 2573; x_wconf 86' lang='lat' dir='ltr'>Aristoteles</span> <span class='ocrx_word' id='word_1_111' title='bbox 1394 2485 1555 2560; x_wconf 84' lang='lat' dir='ltr'>Histania.</span> 
     </span>
     <span class='ocr_line' id='line_1_18' title="bbox 470 2592 1554 2710; baseline -0.02 -23"><span class='ocrx_word' id='word_1_112' title='bbox 470 2621 596 2688; x_wconf 68' lang='lat' dir='ltr'>vlita.</span> <span class='ocrx_word' id='word_1_113' title='bbox 621 2619 720 2710; x_wconf 83' lang='lat' dir='ltr'>pullis</span> <span class='ocrx_word' id='word_1_114' title='bbox 742 2621 915 2684; x_wconf 89' lang='lat' dir='ltr'>doctrinae</span> <span class='ocrx_word' id='word_1_115' title='bbox 937 2617 1112 2684; x_wconf 89' lang='lat' dir='ltr'>luminibus</span> <span class='ocrx_word' id='word_1_116' title='bbox 1138 2622 1309 2688; x_wconf 85' lang='lat' dir='ltr'>distincta.</span> <span class='ocrx_word' id='word_1_117' title='bbox 1361 2616 1422 2681; x_wconf 87' lang='lat' dir='ltr'>llis</span> <span class='ocrx_word' id='word_1_118' title='bbox 1443 2592 1554 2676; x_wconf 83' lang='lat' dir='ltr'>efficitur</span> 
     </span>
     <span class='ocr_line' id='line_1_19' title="bbox 468 2739 1554 2825; baseline -0.014 -19"><span class='ocrx_word' id='word_1_119' title='bbox 468 2740 636 2825; x_wconf 82' lang='lat' dir='ltr'>vulgatam</span> <span class='ocrx_word' id='word_1_120' title='bbox 660 2741 860 2824; x_wconf 87' lang='lat' dir='ltr'>scripturam</span> <span class='ocrx_word' id='word_1_121' title='bbox 882 2739 1140 2825; x_wconf 87' lang='lat' dir='ltr'>interpolatione</span> <span class='ocrx_word' id='word_1_122' title='bbox 1163 2753 1271 2807; x_wconf 84' lang='lat' dir='ltr'>ortam</span> <span class='ocrx_word' id='word_1_123' title='bbox 1291 2759 1388 2815; x_wconf 80' lang='lat' dir='ltr'>essc3</span> <span class='ocrx_word' id='word_1_124' title='bbox 1410 2748 1497 2821; x_wconf 89' lang='lat' dir='ltr'>quam</span> <span class='ocrx_word' id='word_1_125' title='bbox 1513 2741 1554 2785; x_wconf 66' lang='grc' dir='ltr'>θυ-</span> 
     </span>
     <span class='ocr_line' id='line_1_20' title="bbox 470 2852 1552 2944; baseline -0.017 -17"><span class='ocrx_word' id='word_1_126' title='bbox 470 2874 536 2927; x_wconf 87' lang='lat' dir='ltr'>tem</span> <span class='ocrx_word' id='word_1_127' title='bbox 549 2860 696 2944; x_wconf 80' lang='lat' dir='ltr'>Silligius</span> <span class='ocrx_word' id='word_1_128' title='bbox 711 2861 849 2942; x_wconf 88' lang='lat' dir='ltr'>recepit,</span> <span class='ocrx_word' id='word_1_129' title='bbox 870 2879 915 2923; x_wconf 90' lang='lat' dir='ltr'>ne</span> <span class='ocrx_word' id='word_1_130' title='bbox 936 2859 1009 2942; x_wconf 88' lang='lat' dir='ltr'>ipse</span> <span class='ocrx_word' id='word_1_131' title='bbox 1031 2859 1162 2944; x_wconf 86' lang='lat' dir='ltr'>quidem</span> <span class='ocrx_word' id='word_1_132' title='bbox 1182 2859 1286 2926; x_wconf 88' lang='lat' dir='ltr'>valde</span> <span class='ocrx_word' id='word_1_133' title='bbox 1307 2852 1481 2924; x_wconf 88' lang='lat' dir='ltr'>absurdam</span> <span class='ocrx_word' id='word_1_134' title='bbox 1495 2853 1552 2904; x_wconf 73' lang='lat' dir='ltr'>esst</span> 
     </span>
     <span class='ocr_line' id='line_1_21' title="bbox 468 2969 1551 3067; baseline -0.017 -23"><span class='ocrx_word' id='word_1_135' title='bbox 468 2981 617 3064; x_wconf 83' lang='lat' dir='ltr'>negabit.</span> <span class='ocrx_word' id='word_1_136' title='bbox 650 2979 843 3063; x_wconf 83' lang='lat' dir='ltr'>Tantopere</span> <span class='ocrx_word' id='word_1_137' title='bbox 856 2979 985 3064; x_wconf 88' lang='lat' dir='ltr'>despici</span> <span class='ocrx_word' id='word_1_138' title='bbox 1007 2981 1098 3044; x_wconf 89' lang='lat' dir='ltr'>viros</span> <span class='ocrx_word' id='word_1_139' title='bbox 1121 2981 1255 3064; x_wconf 88' lang='lat' dir='ltr'>doctos,</span> <span class='ocrx_word' id='word_1_140' title='bbox 1280 2969 1551 3067; x_wconf 82' lang='lat' dir='ltr'>quodopinionen</span> 
     </span>
     <span class='ocr_line' id='line_1_22' title="bbox 468 3080 1553 3185; baseline -0.007 -22"><span class='ocrx_word' id='word_1_141' title='bbox 468 3119 566 3184; x_wconf 87' lang='lat' dir='ltr'>quam</span> <span class='ocrx_word' id='word_1_142' title='bbox 593 3119 637 3161; x_wconf 90' lang='lat' dir='ltr'>ne</span> <span class='ocrx_word' id='word_1_143' title='bbox 663 3095 789 3160; x_wconf 87' lang='lat' dir='ltr'>Plinius</span> <span class='ocrx_word' id='word_1_144' title='bbox 821 3097 953 3181; x_wconf 87' lang='lat' dir='ltr'>quidem</span> <span class='ocrx_word' id='word_1_145' title='bbox 983 3098 1011 3184; x_wconf 58' lang='grc' dir='ltr'>ᾗ.</span> <span class='ocrx_word' id='word_1_146' title='bbox 1033 3095 1083 3164; x_wconf 82' lang='lat'>19.</span> <span class='ocrx_word' id='word_1_147' title='bbox 1112 3096 1234 3164; x_wconf 82' lang='lat' dir='ltr'>falsam</span> <span class='ocrx_word' id='word_1_148' title='bbox 1267 3097 1443 3185; x_wconf 86' lang='lat' dir='ltr'>appellare</span> <span class='ocrx_word' id='word_1_149' title='bbox 1467 3080 1553 3150; x_wconf 48' lang='lat' dir='ltr'>aude&amp;</span> 
     </span>
     <span class='ocr_line' id='line_1_23' title="bbox 467 3190 1551 3304; baseline -0.019 -24"><span class='ocrx_word' id='word_1_150' title='bbox 467 3219 511 3282; x_wconf 92' lang='lat' dir='ltr'>ab</span> <span class='ocrx_word' id='word_1_151' title='bbox 534 3213 718 3281; x_wconf 86' lang='lat' dir='ltr'>Aristotele</span> <span class='ocrx_word' id='word_1_152' title='bbox 745 3228 968 3300; x_wconf 87' lang='lat' dir='ltr'>acceperant,</span> <span class='ocrx_word' id='word_1_153' title='bbox 1002 3229 1038 3282; x_wconf 91' lang='lat' dir='ltr'>ut</span> <span class='ocrx_word' id='word_1_154' title='bbox 1065 3218 1191 3304; x_wconf 84' lang='lat' dir='ltr'>indigui</span> <span class='ocrx_word' id='word_1_155' title='bbox 1219 3220 1376 3284; x_wconf 89' lang='lat' dir='ltr'>doctrina</span> <span class='ocrx_word' id='word_1_156' title='bbox 1403 3190 1551 3280; x_wconf 88' lang='lat' dir='ltr'>vocentur!</span> 
     </span>
     <span class='ocr_line' id='line_1_24' title="bbox 468 3323 1551 3418; baseline -0.019 -19"><span class='ocrx_word' id='word_1_157' title='bbox 468 3337 556 3409; x_wconf 84' lang='lat' dir='ltr'>Quid</span> <span class='ocrx_word' id='word_1_158' title='bbox 579 3334 700 3398; x_wconf 72' lang='lat' dir='ltr'>multa?</span> <span class='ocrx_word' id='word_1_159' title='bbox 723 3333 900 3418; x_wconf 85' lang='lat' dir='ltr'>legendum</span> <span class='ocrx_word' id='word_1_160' title='bbox 922 3347 974 3400; x_wconf 89' lang='lat' dir='ltr'>est</span> <span class='ocrx_word' id='word_1_161' title='bbox 996 3337 1117 3402; x_wconf 88' lang='lat' dir='ltr'>lacuna</span> <span class='ocrx_word' id='word_1_162' title='bbox 1137 3339 1296 3403; x_wconf 89' lang='lat' dir='ltr'>librorum</span> <span class='ocrx_word' id='word_1_163' title='bbox 1322 3341 1406 3404; x_wconf 86' lang='lat' dir='ltr'>Mss.</span> <span class='ocrx_word' id='word_1_164' title='bbox 1429 3323 1551 3412; x_wconf 83' lang='lat' dir='ltr'>expleta:</span> 
     </span>
    </p>
   </div>
   <div class='ocr_carea' id='block_1_8' title="bbox 613 3451 1435 3544">
    <p class='ocr_par' dir='ltr' id='par_1_8' title="bbox 613 3451 1435 3544">
     <span class='ocr_line' id='line_1_25' title="bbox 613 3451 1435 3544; baseline 0.005 -33"><span class='ocrx_word' id='word_1_165' title='bbox 613 3487 657 3498; x_wconf 91' lang='lat'>-</span> <span class='ocrx_word' id='word_1_166' title='bbox 677 3451 787 3513; x_wconf 74' lang='lat' dir='ltr'>multis</span> <span class='ocrx_word' id='word_1_167' title='bbox 805 3454 1006 3538; x_wconf 74' lang='lat' dir='ltr'>permansisse</span> <span class='ocrx_word' id='word_1_168' title='bbox 1027 3454 1178 3518; x_wconf 83' lang='lat' dir='ltr'>doctrina</span> <span class='ocrx_word' id='word_1_169' title='bbox 1199 3454 1435 3544; x_wconf 64' lang='lat' dir='ltr'>insignibus.</span> 
     </span>
    </p>
   </div>
   <div class='ocr_carea' id='block_1_9' title="bbox 465 3591 1549 4285">
    <p class='ocr_par' dir='ltr' id='par_1_9' title="bbox 465 3591 1549 4285">
     <span class='ocr_line' id='line_1_26' title="bbox 549 3591 1549 3698; baseline 0 -31"><span class='ocrx_word' id='word_1_170' title='bbox 549 3604 824 3686; x_wconf 88' lang='lat' dir='ltr'>Insequentibus</span> <span class='ocrx_word' id='word_1_171' title='bbox 848 3625 1094 3691; x_wconf 87' lang='lat' dir='ltr'>nonnumquam</span> <span class='ocrx_word' id='word_1_172' title='bbox 1119 3629 1140 3672; x_wconf 86' lang='lat' dir='ltr'>a</span> <span class='ocrx_word' id='word_1_173' title='bbox 1164 3610 1291 3698; x_wconf 85' lang='lat' dir='ltr'>Silligio</span> <span class='ocrx_word' id='word_1_174' title='bbox 1315 3605 1461 3678; x_wconf 83' lang='lat' dir='ltr'>disce&#39;do.</span> <span class='ocrx_word' id='word_1_175' title='bbox 1487 3591 1549 3658; x_wconf 60' lang='lat' dir='ltr'>Nam</span> 
     </span>
     <span class='ocr_line' id='line_1_27' title="bbox 467 3709 1549 3814; baseline -0.019 -25"><span class='ocrx_word' id='word_1_176' title='bbox 467 3736 501 3789; x_wconf 91' lang='lat' dir='ltr'>et</span> <span class='ocrx_word' id='word_1_177' title='bbox 522 3723 615 3812; x_wconf 71' lang='lat' dir='ltr'>§.aa</span> <span class='ocrx_word' id='word_1_178' title='bbox 637 3733 730 3787; x_wconf 87' lang='lat' dir='ltr'>recte</span> <span class='ocrx_word' id='word_1_179' title='bbox 750 3722 940 3788; x_wconf 89' lang='lat' dir='ltr'>Harduinus</span> <span class='ocrx_word' id='word_1_180' title='bbox 963 3724 1154 3808; x_wconf 85' lang='lat' dir='ltr'>explicasse</span> <span class='ocrx_word' id='word_1_181' title='bbox 1176 3727 1318 3808; x_wconf 89' lang='lat' dir='ltr'>videtur,</span> <span class='ocrx_word' id='word_1_182' title='bbox 1339 3739 1371 3794; x_wconf 89' lang='lat' dir='ltr'>et</span> <span class='ocrx_word' id='word_1_183' title='bbox 1389 3727 1418 3814; x_wconf 84' lang='lat'>§</span> <span class='ocrx_word' id='word_1_184' title='bbox 1431 3717 1476 3785; x_wconf 84' lang='lat'>33.</span> <span class='ocrx_word' id='word_1_185' title='bbox 1495 3709 1549 3774; x_wconf 84' lang='lat' dir='ltr'>sinc</span> 
     </span>
     <span class='ocr_line' id='line_1_28' title="bbox 468 3821 1548 3933; baseline -0.012 -25"><span class='ocrx_word' id='word_1_186' title='bbox 468 3845 567 3910; x_wconf 92' lang='lat' dir='ltr'>dubio</span> <span class='ocrx_word' id='word_1_187' title='bbox 589 3842 681 3908; x_wconf 77' lang='lat' dir='ltr'>lusio</span> <span class='ocrx_word' id='word_1_188' title='bbox 703 3841 780 3904; x_wconf 80' lang='lat' dir='ltr'>sinu</span> <span class='ocrx_word' id='word_1_189' title='bbox 802 3863 876 3906; x_wconf 89' lang='lat' dir='ltr'>curn</span> <span class='ocrx_word' id='word_1_190' title='bbox 892 3842 1044 3908; x_wconf 87' lang='lat' dir='ltr'>Barbaro</span> <span class='ocrx_word' id='word_1_191' title='bbox 1068 3841 1245 3929; x_wconf 83' lang='lat' dir='ltr'>legendum</span> <span class='ocrx_word' id='word_1_192' title='bbox 1268 3859 1333 3925; x_wconf 86' lang='lat' dir='ltr'>est,</span> <span class='ocrx_word' id='word_1_193' title='bbox 1358 3839 1501 3933; x_wconf 88' lang='lat' dir='ltr'>quoniam</span> <span class='ocrx_word' id='word_1_194' title='bbox 1519 3821 1548 3885; x_wconf 70' lang='lat' dir='ltr'>dl</span> 
     </span>
     <span class='ocr_line' id='line_1_29' title="bbox 467 3958 1548 4048; baseline -0.027 -17"><span class='ocrx_word' id='word_1_195' title='bbox 467 3965 588 4030; x_wconf 85' lang='lat' dir='ltr'>Cariae</span> <span class='ocrx_word' id='word_1_196' title='bbox 610 3965 692 4028; x_wconf 92' lang='lat' dir='ltr'>urbe</span> <span class='ocrx_word' id='word_1_197' title='bbox 712 3961 803 4048; x_wconf 89' lang='lat' dir='ltr'>loqui</span> <span class='ocrx_word' id='word_1_198' title='bbox 827 3962 966 4027; x_wconf 88' lang='lat' dir='ltr'>Plinium</span> <span class='ocrx_word' id='word_1_199' title='bbox 989 3963 1138 4046; x_wconf 84' lang='lat' dir='ltr'>proximo</span> <span class='ocrx_word' id='word_1_200' title='bbox 1168 3967 1337 4030; x_wconf 87' lang='lat' dir='ltr'>enuntiato</span> <span class='ocrx_word' id='word_1_201' title='bbox 1371 3958 1548 4030; x_wconf 89' lang='lat' dir='ltr'>demonstra·</span> 
     </span>
     <span class='ocr_line' id='line_1_30' title="bbox 465 4061 1549 4166; baseline -0.014 -19"><span class='ocrx_word' id='word_1_202' title='bbox 465 4096 527 4148; x_wconf 88' lang='lat' dir='ltr'>tur.</span> <span class='ocrx_word' id='word_1_203' title='bbox 580 4085 676 4148; x_wconf 90' lang='lat' dir='ltr'>Sicut</span> <span class='ocrx_word' id='word_1_204' title='bbox 696 4093 806 4145; x_wconf 88' lang='lat' dir='ltr'>autem</span> <span class='ocrx_word' id='word_1_205' title='bbox 828 4081 883 4145; x_wconf 91' lang='lat' dir='ltr'>hio</span> <span class='ocrx_word' id='word_1_206' title='bbox 904 4083 938 4144; x_wconf 90' lang='lat' dir='ltr'>in</span> <span class='ocrx_word' id='word_1_207' title='bbox 958 4082 1018 4145; x_wconf 87' lang='lat' dir='ltr'>Rd</span> <span class='ocrx_word' id='word_1_208' title='bbox 1048 4083 1171 4166; x_wconf 81' lang='lat' dir='ltr'>legitur</span> <span class='ocrx_word' id='word_1_209' title='bbox 1201 4083 1298 4149; x_wconf 81' lang='lat' dir='ltr'>Latio</span> <span class='ocrx_word' id='word_1_210' title='bbox 1318 4085 1371 4150; x_wconf 89' lang='lat' dir='ltr'>vel</span> <span class='ocrx_word' id='word_1_211' title='bbox 1393 4073 1499 4151; x_wconf 72' lang='lat' dir='ltr'>dacio,</span> <span class='ocrx_word' id='word_1_212' title='bbox 1516 4061 1549 4123; x_wconf 83' lang='lat' dir='ltr'>ita</span> 
     </span>
     <span class='ocr_line' id='line_1_31' title="bbox 465 4193 1531 4285; baseline -0.017 -21"><span class='ocrx_word' id='word_1_213' title='bbox 465 4198 799 4266; x_wconf 80' lang='lat' dir='ltr'>xxxvl.13.reote</span> <span class='ocrx_word' id='word_1_214' title='bbox 821 4200 854 4262; x_wconf 92' lang='lat' dir='ltr'>in</span> <span class='ocrx_word' id='word_1_215' title='bbox 876 4199 928 4262; x_wconf 81' lang='lat' dir='ltr'>Rtl</span> <span class='ocrx_word' id='word_1_216' title='bbox 952 4199 1047 4285; x_wconf 85' lang='lat' dir='ltr'>Iasii,</span> <span class='ocrx_word' id='word_1_217' title='bbox 1071 4202 1102 4266; x_wconf 89' lang='lat' dir='ltr'>in</span> <span class='ocrx_word' id='word_1_218' title='bbox 1125 4205 1248 4269; x_wconf 87' lang='lat' dir='ltr'>ceteris</span> <span class='ocrx_word' id='word_1_219' title='bbox 1270 4204 1365 4269; x_wconf 81' lang='lat' dir='ltr'>Lusii</span> <span class='ocrx_word' id='word_1_220' title='bbox 1383 4193 1531 4269; x_wconf 85' lang='lat' dir='ltr'>scribitur.</span> 
     </span>
    </p>
   </div>
   <div class='ocr_carea' id='block_1_10' title="bbox 518 4353 1528 4460">
    <p class='ocr_par' dir='ltr' id='par_1_10' title="bbox 518 4353 1528 4460">
     <span class='ocr_line' id='line_1_32' title="bbox 518 4353 1528 4460; baseline -0.005 -32"><span class='ocrx_word' id='word_1_221' title='bbox 518 4361 616 4450; x_wconf 70' lang='lat' dir='ltr'>§.ab</span> <span class='ocrx_word' id='word_1_222' title='bbox 645 4364 723 4426; x_wconf 89' lang='lat' dir='ltr'>tum</span> <span class='ocrx_word' id='word_1_223' title='bbox 754 4353 928 4426; x_wconf 88' lang='lat' dir='ltr'>adnatare</span> <span class='ocrx_word' id='word_1_224' title='bbox 952 4353 1204 4453; x_wconf 88' lang='lat' dir='ltr'>leviterque</span> <span class='ocrx_word' id='word_1_225' title='bbox 1232 4359 1383 4460; x_wconf 84' lang='lat' dir='ltr'>singulis</span> <span class='ocrx_word' id='word_1_226' title='bbox 1410 4360 1528 4429; x_wconf 72' lang='lat' dir='ltr'>ternos·</span> 
     </span>
    </p>
   </div>
   <div class='ocr_carea' id='block_1_11' title="bbox 548 4505 1548 4594">
    <p class='ocr_par' dir='ltr' id='par_1_11' title="bbox 548 4505 1548 4594">
     <span class='ocr_line' id='line_1_33' title="bbox 548 4505 1548 4594; baseline -0.01 -4"><span class='ocrx_word' id='word_1_227' title='bbox 548 4518 750 4590; x_wconf 85' lang='lat' dir='ltr'>Rectissime</span> <span class='ocrx_word' id='word_1_228' title='bbox 764 4518 956 4588; x_wconf 85' lang='lat' dir='ltr'>Harduinus</span> <span class='ocrx_word' id='word_1_229' title='bbox 979 4519 1122 4588; x_wconf 88' lang='lat' dir='ltr'>coniecit</span> <span class='ocrx_word' id='word_1_230' title='bbox 1147 4520 1273 4592; x_wconf 78' lang='lat' dir='ltr'>leniter.</span> <span class='ocrx_word' id='word_1_231' title='bbox 1296 4527 1384 4594; x_wconf 89' lang='lat' dir='ltr'>Nihil</span> <span class='ocrx_word' id='word_1_232' title='bbox 1402 4521 1480 4592; x_wconf 86' lang='lat' dir='ltr'>enlm</span> <span class='ocrx_word' id='word_1_233' title='bbox 1497 4505 1548 4572; x_wconf 65' lang='lat' dir='ltr'><strong>fre·</strong></span> 
     </span>
    </p>
   </div>
   <div class='ocr_carea' id='block_1_12' title="bbox 375 4957 1001 5196">
    <p class='ocr_par' dir='ltr' id='par_1_12' title="bbox 375 4957 1001 5196">
     <span class='ocr_line' id='line_1_34' title="bbox 375 4957 1001 5196; baseline -0.014 -134"><span class='ocrx_word' id='word_1_234' title='bbox 375 4957 1001 5196; x_wconf 34' lang='grc' dir='ltr'>,ηψχ</span> 
     </span>
    </p>
   </div>
   <div class='ocr_carea' id='block_1_13' title="bbox 0 0 1788 5559">
    <p class='ocr_par' dir='ltr' id='par_1_13' title="bbox 0 0 1788 5559">
     <span class='ocr_line' id='line_1_35' title="bbox 0 0 1788 5559; baseline 0 1"><span class='ocrx_word' id='word_1_235' title='bbox 0 0 1788 5559; x_wconf 95' lang='lat' dir='ltr'> </span> 
     </span>
    </p>
   </div>
  </div>
 </body>
</html>
