3567 5559
422 717 465 785 72
874 719 964 784 lton
985 721 1076 784 XIX.

340 1049 405 1117 3oe
522 1002 734 1089 43:2¹5.
764 998 833 1092 (de
859 997 996 1076 eodem
1019 997 1216 1097 laserpieio
1243 963 1435 1096 loquitur)

472 1163 564 1242 Post
588 1163 681 1245 folia,
714 1165 851 1240 amissa
875 1163 983 1241 caule
1021 1165 1103 1265 ipso
1130 1170 1167 1239 et
1192 1161 1369 1240 homines
1399 1159 1530 1237 'vesce-

472 1287 606 1372 bantur
631 1295 789 1373 decocto
816 1317 980 1394 esseque
1005 1301 1042 1370 et
1068 1294 1186 1385 elixo,
1222 1319 1354 1372 eorum
1384 1313 1531 1392 quoque

472 1449 631 1526 corpora
661 1426 725 1503 XL
762 1429 888 1528 primis
924 1427 1057 1504 diebus
1093 1435 1300 1526 purgante;
1345 1425 1447 1501 vitia
1480 1422 1532 1498 his

472 1558 657 1636 omnibus.

504 1689 621 1754 Tribus
646 1690 745 1755 rebus
765 1690 970 1776 laserpicium
1000 1690 1078 1754 utile
1100 1709 1174 1754 esse
1194 1689 1420 1774 praedicatur,
1444 1687 1533 1767 foliis,
1609 1777 1610 1784 ἵ

423 1798 570 1873 οωΙοόῑ
589 1807 713 1894 liquore
733 1807 789 1892 qni
809 1813 879 1871 etc
900 1807 1008 1872 radice
1030 1815 1064 1871 et
1084 1827 1103 1870 e
1124 1807 1216 1872 caule
1237 1808 1449 1892 capiebatur.
1480 1807 1533 1868 At·

423 1946 488 2012 que
514 1924 555 1990 de
580 1923 666 1989 foliis
694 1924 760 1988 iam
784 1924 911 1988 loontns
939 1930 1010 1986 eret
1034 1923 1158 1987 Plinius
1185 1924 1456 2010 Theophrastum
1484 1921 1533 1985 Vl.

423 2045 454 2111 3.
476 2045 495 2108 1
519 2049 666 2124 seeum,
696 2043 805 2127 itaque
825 2038 868 2104 ad
889 2040 1014 2104 caulem
1034 2040 1253 2128 liquoremque
1281 2039 1532 2107 describendum

424 2160 548 2226 transit.
590 2159 649 2223 lllo
678 2157 825 2223 homines
856 2158 945 2222 vesci
977 2158 1022 2222 ait
1054 2155 1198 2239 ,decocto
1218 2162 1388 2244 assoqne‘‚
1426 2154 1534 2242 ἑφθὸν

423 2275 781 2360 o’mdvTheopbrastns
802 2273 942 2339 dixerat:
965 2294 1166 2361 consequens
1181 2282 1230 2339 est
1241 2283 1277 2339 nt
1289 2275 1453 2361 proximis
1468 2291 1532 2337 ver·
1610 2301 1611 2308 κ

423 2392 474 2457 bis
495 2390 536 2456 de
555 2392 679 2478 liquore
699 2411 798 2476 agere
813 2389 970 2456 videatur.
992 2390 1087 2465 Quod
1107 2393 1144 2456 fit
1154 2393 1269 2479 copula
1289 2394 1430 2478 quaein
1452 2387 1533 2454 eodi-
1611 2357 1612 2446 l

423 2508 514 2573 cibus
534 2528 600 2572 non
619 2508 738 2593 legitur
758 2508 905 2593 expulsa,
933 2510 1018 2572 elixo
1037 2509 1122 2572 enim
1144 2511 1214 2595 ipse
1235 2510 1339 2594 liquor
1360 2509 1530 2574 indicatur.

421 2625 620 2692 Adverbinm
636 2627 858 2706 qnoquetertio
874 2626 947 2691 loco
968 2645 1096 2692 movere
1117 2625 1226 2707 nolim,
1248 2647 1346 2712 quum
1366 2625 1528 2692 insolitam

422 2743 593 2812 verborum
614 2743 857 2808 collocationem
879 2764 900 2807 a
919 2743 1024 2809 Plinio
1047 2744 1424 2830 adamarieognoverim.
1449 2742 1528 2807 Hae·
1612 2771 1613 2802 l

423 2871 518 2927 tenus
550 2859 743 2926 vindicanda
770 2859 832 2924 fuit
863 2860 1010 2925 codicum
1042 2863 1214 2948 scriptura,
1251 2862 1283 2925 in
1317 2863 1381 2927 fine
1418 2879 1526 2928 sensas

423 2980 601 3064 corrigatur
616 2997 750 3042 necesse
774 2983 834 3044 est
877 2979 1006 3043 Scilicet
1026 2979 1139 3044 ultima
1167 2979 1325 3044 voeabula
1345 2979 1411 3046 boc
1434 2976 1526 3045 modo
1610 2998 1613 3027 ³

423 3096 544 3180 scripta
564 3093 769 3160 exhibentur:

460 3241 597 3311 puram
616 3249 683 3292 eum
701 3234 750 3293 tte
778 3234 917 3294 ombus
937 3250 965 3294 e.

460 3355 615 3426 parcente
633 3351 715 3409 meio
735 3351 874 3412 omnibns
935 3345 968 3410 d.

417 3551 423 3564 Ι
459 3467 757 3543 porcanteoitlatis
778 3468 914 3526 omnibus
935 3483 965 3528 a.

504 3594 597 3670 anc
629 3594 709 3660 vitia
726 3594 815 3662 inde
848 3603 920 3660 orta
951 3602 1026 3660 sunt
1046 3589 1134 3682 qn'od
1161 3595 1194 3660 in
1225 3595 1399 3683 archetypo
1430 3591 1524 3664 semel

424 3715 544 3800 scripta
572 3719 642 3778 eret
663 3713 797 3798 syllaba,
825 3734 924 3800 qunm
945 3712 1009 3778 duo
1035 3715 1120 3779 inter
1140 3734 1175 3778 se
1197 3701 1317 3778 similes
1340 3714 1524 3781 scribendae

424 3827 549 3898 essent:
593 3836 625 3896 io
653 3838 687 3896 at
716 3837 769 3915 νίς
799 3852 863 3918 qua
888 3832 1038 3897 restituto
1066 3831 1280 3916 correctisque
1305 3831 1345 3896 iis
1372 3832 1428 3918 qni
1455 3828 1522 3897 indo
1560 3830 1566 3843 ’

423 3946 511 4014 ducti
532 3956 609 4014 sunt
628 3970 752 4014 errores
772 3949 905 4014 laudum
927 3949 1064 4034 deniqne
1087 3969 1171 4033 qnae
1197 3925 1294 4012 laseri
1314 3949 1347 4012 in
1369 3949 1524 4015 medicina

423 4047 567 4128 summae
588 4065 694 4130 XXII.
711 4066 773 4132 101
800 4067 1000 4149 tribuuntur,
1030 4085 1188 4130 memores
1216 4071 1320 4130 totum
1350 4067 1458 4132 locum
1483 4066 1523 4130 ita

422 4181 647 4245 restituemus:

446 4291 622 4374 ‘Postfia
653 4317 679 4362 c.
701 4301 722 4360 i.
746 4317 772 4360 e.
791 4303 821 4363 b.
842 4320 868 4365 o.
892 4303 921 4362 d.
947 4320 1093 4384 caroque,
1125 4297 1214 4366 elixo'
1233 4321 1335 4366 eorum
1362 4321 1481 4384 qnoque
1499 4319 1521 4365 c.

465 4417 523 4478 XL
541 4434 574 4493 ρ.
596 4417 626 4477 d.
645 4423 798 4491 pwoonte
817 4421 848 4478 io
869 4419 950 4478 vitiis
970 4422 1112 4494 omnibus.
1132 4393 1135 4399 ⁵

507 4529 674 4595 Proximos
701 4548 816 4594 sensus
843 4533 939 4596 lanus
959 4538 1048 4598 recte
1076 4533 1122 4597 sio
1152 4533 1364 4621 interpunxit,
1396 4541 1522 4602 utente

424 4647 492 4716 sill.
518 4648 804 4735 distinguebantur.
846 4647 972 4712 Vellem
993 4647 1090 4713 etiam
1112 4650 1139 4734 §-
1161 4651 1203 4717 44
1225 4652 1389 4737 nrlgatam
1417 4653 1518 4722 lectio·
