3567 5559
710 736 800 803 aaa
820 739 946 802 XVIII.
1101 793 1104 798 .
1328 736 1371 810 61
1392 789 1395 812 .

704 951 943 1038 m=am
1109 1044 1112 1049 ¹
1395 942 1459 1011 w

308 1073 561 1169 Quomndam
586 1076 714 1156 caules
748 1082 1032 1178 sparguntu1·io
1059 1089 1208 1192 terram,
1245 1081 1277 1156 si
1302 1057 1376 1158 non

303 1205 787 1308 'habeantadrniniculum
829 1217 868 1287 ut
893 1214 1078 1313 pisorum3
1117 1213 1217 1311 quod
1245 1211 1276 1288 si
1301 1230 1375 1289 nan

312 1337 496 1433 habuere,
524 1341 708 1421 deteriora
732 1343 834 1421 hunt.

306 1518 460 1588 damea
483 1519 558 1584 aD:
577 1526 759 1600 piscandum
779 1530 848 1605 atri,
872 1524 1095 1620 dptseaaduat
1116 1463 1145 1606 ti,
1167 1523 1283 1589 deinde
1304 1523 1375 1592 ad:

263 1637 422 1698 deteriora
444 1649 497 1704 aut
520 1636 614 1722 (quid
635 1638 710 1705 DT
729 1640 886 1724 habeant,
909 1661 973 1706 non
995 1641 1149 1726 constat).
1194 1639 1287 1704 Unde
1309 1640 1376 1705 vul·

266 1758 377 1833 gutum
400 1753 627 1838 interpolatam
641 1768 721 1825 'esse
746 1757 812 1824 Sili.
836 1733 1004 1842 intellexit,
1027 1778 1108 1844 quae
1130 1759 1200 1843 ipse
1223 1757 1375 1823 coniecit:

259 1879 296 1930 at
318 1875 517 1953 apiacaatar5
547 1879 604 1937 atsi
625 1878 826 1940 tabuere...
849 1887 904 1940 aut
924 1881 1076 1940 deteriora
1102 1880 1187 1952 fiam
1204 1881 1378 1961 propteroa

265 1987 410 2062 maxime
432 1986 613 2072 displicent,
636 1966 711 2077 quia
732 1999 957 2058 vox-scandunt
977 1993 1074 2058 verbo
1094 1994 1270 2075 ἀναβαίνει
1289 1991 1377 2076 apud

266 2100 527 2188 Theophrastum
550 2105 638 2174 VlII.
661 2108 690 2174 3.
712 2109 742 2194 2,
770 2131 865 2196 quem
887 2111 1051 2175 nonsatis
1076 2117 1226 2176 accurata
1250 2108 1402 2206 (phasi-¹

267 2219 334 2282 olcs
361 2222 450 2286 enim
473 2223 605 2308 amisit).
621 2224 744 2291 Plinius
758 2227 908 2292 'imitatus
931 2234 990 2311 est,
1013 2228 1226 2292 confirmatur.
1261 2225 1375 2291 Melius

263 2334 365 2400 'Ianus
387 2344 501 2418 atpist’.
524 2345 575 2404 ahi
594 2347 746 2409 scandant
763 2351 823 2409 aiat
834 2350 969 2409 tabuere
985 2398 990 2410 .
1009 2395 1037 2409 ..
1062 2356 1116 2410 cat
1132 2349 1282 2409 deteriora
1292 2348 1377 2424 fijaat,

268 2472 378 2518 rerum
394 2455 456 2521 ¹ille
469 2477 605 2543 quoque
626 2460 774 2526 lacunam
796 2463 889 2558 Plinii
913 2463 1018 2527 verbis
1041 2465 1147 2527 inesse
1172 2469 1301 2547 praeter
1322 2479 1377 2524 nc·

269 2573 454 2637 cessitatem
476 2575 596 2639 statuit.
638 2576 828 2665 Lagendum
863 2587 928 2645 est:
969 2592 1006 2676 ‘at
1028 2587 1097 2661 pisa
1125 2554 1293 2656 scoacum,
1326 2589 1379 2642 aut

270 2693 327 2752 aiei
343 2693 497 2775 habuere,
520 2697 671 2759 aetertora
690 2697 781 2772 fiant.

702 2872 748 2945 63
773 2873 813 2923 ’·-·
841 2872 936 2959 7,12.
1397 2888 1459 2958 344
1539 2925 1546 2932 -

317 2991 479 3072 Tertium
519 2998 666 3096 pondus
701 3001 874 3094 ttritieit·
906 2987 990 3077 ¹erat
1025 3000 1203 3091 Thracio,
1255 2997 1375 3098 Syrio,

320 3126 459 3204 deinde
495 3136 532 3216 et
574 3129 787 3231 Aegyptio,
826 3132 1043 3210 ath-letarum
1090 3156 1172 3208 curn
1204 3133 1375 3222 decreta,

321 3279 479 3355 quorum
505 3262 690 3362 capacitas
716 3258 887 3343 iumentis
915 3265 1040 3342 similis
1081 3287 1190 3365 quem
1218 3263 1377 3340 diximus

321 3393 487 3470 ordinem
513 3364 681 3472 fecerat(
1384 3385 1387 3392 ⁵

353 3518 609 3610 Theophrastum
631 3526 716 3592 VIII.
741 3529 814 3594 4.3
848 3549 915 3614 sqq.
949 3531 1091 3615 sequitur
1121 3529 1259 3611 Plinius,
1292 3528 1378 3614 quod

280 3637 325 3699 rel
345 3643 544 3727 temporibus
566 3645 731 3729 perfectis,
761 3645 876 3731 quibus
899 3647 1017 3729 utitur,
1041 3646 1229 3712 declaratur.
1273 3644 1380 3720 Quare

282 3755 412 3834 primum
436 3765 525 3841 Syrio
549 3783 567 3825 e
588 3763 608 3826 l.
631 3765 650 3828 l.
673 3761 862 3827 mutandum
883 3770 933 3827 est
955 3765 986 3827 in
1010 3771 1149 3845 Assyrio,
1178 3762 1293 3827 deinde
1315 3762 1379 3826 ccl·
1451 3738 1458 3748 ⁰

281 3868 340 3936 lata
361 3877 387 3960 5,
412 3879 431 3943 5
454 3878 657 3944 scribendum
681 3885 858 3945 athletarum
881 3891 940 3945 tam
963 3887 1094 3945 decreto.

720 4051 826 4124 64:
840 4052 935 4138 7,12.
1249 4137 1254 4140 ,

328 4215 373 4270 ex
399 4196 498 4273 omni
523 4196 652 4274 eadem
685 4143 878 4290 (Graecia)
908 4217 1051 4296 genere
1079 4195 1184 4294 grani
1208 4147 1381 4296 praetulit
1442 4307 1444 4312 ,

322 4325 542 4421 dracontion
569 4336 607 4405 et
628 4329 831 4429 strangiam
859 4337 896 4406 et
922 4327 1157 4408 Selinusium.

356 4457 407 4525 Ita
434 4479 512 4522 cana
533 4459 656 4525 Plinius
683 4481 756 4525 cum
777 4461 999 4547 Theophrasto
1032 4482 1118 4542 caus.
1146 4461 1187 4544 pl.
1210 4459 1339 4526 111..21.
1361 4458 1382 4525 2

287 4576 441 4658 anonae,
462 4596 573 4640 aarum
597 4577 822 4644 aliudnomen
845 4577 1052 4664 suppeditant
1073 4576 1200 4642 codices
1213 4576 1382 4660 (arctata
1420 4579 1423 4586 “

292 4689 338 4753 &a
353 4693 387 4776 d,
418 4701 551 4776 ctetepaa
575 4698 595 4778 {i
620 4694 687 4779 D),
723 4694 808 4761 unde
838 4685 1021 4760 necessario
1058 4692 1193 4759 efficitur
1227 4698 1383 4778 stteaataa,

1163 4809 1209 4876 4*
