3567 5559
680 723 773 794 ιίοοτ,
787 721 916 784 XXIII.
1293 713 1355 784 129

236 913 418 980 uerborum
444 913 624 980 emsndstio
646 921 810 998 tamquam
832 914 940 978 stabili
959 912 1168 977 fundamento
1187 912 1278 978 inniti
1299 910 1355 974 dc·

242 1030 350 1099 bsbst.
376 1030 474 1106 Quae
486 1015 644 1096 enim'ille
665 1031 758 1098 1.133
775 1032 823 1094 sic
835 1031 979 1096 elocutus
1002 1039 1066 1094 est:
1090 1031 1155 1096 οὐν
1167 1029 1305 1115 πηγάνῳ
1317 1028 1355 1092 δὲ

241 1145 457 1235 ἂφεψημένο
481 1149 638 1236 στρόφων
654 1143 746 1214 ἐστὶν
762 1145 941 1232 ἔγκλυσμο,
963 1168 1002 1211 es
1016 1148 1139 1212 Plinius
1161 1146 1205 1211 sd
1224 1145 1356 1210 verbum

242 1264 358 1330 eodem
388 1273 525 1331 auctore
551 1285 629 1330 nsus
659 1265 832 1350 expressit:
874 1285 942 1329 cunr
962 1275 1033 1326 roto
1055 1277 1162 1328 coctos
1182 1269 1357 1326 torminibus
1385 1311 1389 1330 .

238 1397 378 1461 prosunt.
428 1381 551 1448 Vocem
573 1387 748 1446 torminibus
767 1379 891 1446 Gracco
914 1379 1071 1470 στρόφον
1091 1380 1286 1466 respondere
1308 1379 1356 1443 in·

242 1498 420 1586 infligitur,
463 1501 528 1564 ism
561 1497 753 1563 e-Barbcro
786 1499 895 1562 nescio
918 1519 959 1562 nn
981 1519 999 1561 e
1021 1498 1088 1561 suis
1115 1498 1279 1562 codicibus
1307 1517 1357 1560 re·
1385 1518 1389 1527 ’

241 1623 390 1701 ceptcm3
422 1629 511 1681 cocto
543 1628 572 1678 et
593 1622 742 1699 omnihus,
780 1615 865 1702 qnod
888 1615 960 1679 libri
982 1616 1081 1679 nostri
1102 1615 1238 1697 hubent,
1260 1613 1358 1677 Isnus

241 1733 354 1797 moluit
377 1735 414 1797 in
435 1746 542 1798 coctae
571 1747 600 1798 et
621 1739 756 1797 omnibns
787 1741 928 1815 mutere,
962 1753 1056 1818 qnam
1091 1732 1132 1796 sd
1165 1731 1357 1795 sententiam

178 1897 179 1902 η
242 1857 330 1934 epte,
367 1871 436 1916 non
461 1849 618 1932 diiudico‚
651 1871 749 1914 unum
770 1871 886 1914 moneo
908 1863 1014 1913 coctae
1035 1855 1181 1913 tornnr'oor
1200 1850 1256 1914 rix
1277 1847 1358 1912 diffi-

242 1967 332 2032 cilius
355 1968 392 2032 in
417 1979 525 2034 coctae
540 1973 714 2032 torminibus
736 1967 863 2051 corrigi.
906 1967 957 2030 Its
977 1967 1037 2031 hoo
1050 1967 1148 2031 Plinii
1168 1987 1240 2030 cnm
1262 1965 1358 2029 Dios·

243 2085 350 2150 coride
382 2106 546 2158 consensu
573 2087 721 2150 restituto
752 2086 887 2150 alterum
915 2085 1006 2148 initio
1036 2084 1099 2148 loci
1120 2086 1289 2171 anquirere
1310 2083 1357 2144 ln·

243 2200 304 2269 bct.
349 2211 413 2270 καὶ
434 2201 557 2280 εἰςτὰς
578 2201 761 2290 ὠμηλύσεις
784 2203 821 2267 δὲ
847 2207 1002 2285 μίγνυται
1022 2207 1079 2268 καὶ
1101 2200 1147 2280 εἷς
1168 2209 1358 2284 γυναικείας

243 2327 364 2408 πυρίας
389 2321 616 2405 persistitur
637 2321 655 2406 ἢ
676 2320 836 2405 πτισάνης
858 2319 1066 2386 Dioscorides
1094 2320 1237 2404 scripsit:
1260 2340 1358 2404 eppa·

244 2437 398 2502 reticui
422 2439 539 2502 Graeci
562 2439 757 2504 mentionem
780 2436 885 2502 asin.
907 2446 995 2500 recte
1017 2436 1058 2500 nd
1079 2436 1215 2502 feminas
1235 2437 1359 2520 referri,

245 2551 357 2619 Ianum
379 2556 535 2620 librorum
558 2554 649 2620 MSS.
673 2554 862 2639 scripturam
890 2557 1020 2628 seminar
1041 2575 1159 2633 potoque
1179 2557 1358 2640 recte-qui·

247 2669 316 2736 dem
337 2674 523 2738 restituisse
555 2671 612 2735 ssd
634 2671 718 2737 uncle
747 2692 767 2734 s
795 2671 868 2736 feno
891 2672 1016 2736 Graeco
1049 2672 1239 2735 seiunxisse.
1304 2674 1358 2736 Se-

248 2791 351 2873 quitur
384 2791 498 2855 tortius
536 2789 702 2874 utriusque
737 2790 902 2874 scriptoris
937 2811 1121 2854 consensus.
1180 2797 1248 2866 τοῖς
1281 2796 1360 2874 περ)

250 2909 424 2993 πνεύμονα
442 2913 588 2997 χρονίοις
606 2907 734 2972 πάθεσι
755 2928 837 2992 quse
860 2916 935 2972 sunt
956 2907 1041 2992 spud
1057 2906 1282 2970 Dioscoridem
1293 2907 1358 2972 Pli-

250 3023 318 3091 nius
340 3023 495 3112 pleuritin
523 3024 657 3090 addidit.
699 3023 813 3111 Itaque
836 3045 914 3090 voce
948 3038 976 3086 et
996 3045 1078 3110 quse
1102 3030 1141 3089 ab
1164 3046 1185 3089 e
1212 3024 1305 3090 abest
1326 3026 1358 3089 in

251 3155 291 3208 ert
310 3150 437 3208 mntntn
458 3144 590 3230 levique
607 3144 854 3230 transpositione
873 3142 959 3207 facte
979 3144 1130 3227 legimus:
1369 3115 1378 3140 ’

294 3265 371 3328 Utile
394 3273 438 3326 est
460 3267 525 3326 dec.
544 3264 648 3338 sonere
669 3265 911 3337 enrnorsemo'nor
926 3280 1122 3340 proconesum
1136 3269 1209 3338 leno
1227 3269 1360 3346 Groeco;

291 3385 437 3446 decoctor
454 3385 576 3444 eaedem
599 3385 684 3442 utiles
705 3391 774 3444 snut
794 3399 819 3442 e.
839 3402 869 3460 p.
893 3400 919 3443 e.
935 3401 970 3460 p.
996 3385 1066 3442 Corn
1087 3391 1159 3443 rnto
1181 3382 1236 3446 rel.

692 3502 760 3574 132
780 3484 828 3571 '2
855 3504 951 3588 ror.
1003 3493 1006 3496 ’
1360 3490 1420 3557 ῠῡῠ

302 3629 458 3708 Utiliora
484 3630 629 3732 persica
673 3652 860 3728 sucusque
896 3652 1023 3707 eornm
1062 3631 1170 3706 etiam
1196 3632 1234 3706 in
1275 3629 1360 3708 vinc

303 3772 366 3840 aut
392 3763 430 3838 in
456 3770 563 3840 aceto
591 3784 804 3861 expressus,
841 3759 911 3855 Qui
937 3762 1030 3838 alius
1057 3764 1136 3838 eius
1163 3760 1282 3862 pomis
1308 3762 1364 3837 in·
1448 3853 1453 3864 1

305 3895 503 3974 nocentior
525 3895 653 3972 cibus?

337 4027 528 4092 Commotne
551 4025 687 4090 orationi
708 4025 797 4089 locus
820 4047 884 4090 non
908 4034 973 4109 est,
1006 4045 1088 4111 quse
1110 4027 1257 4111 suppleta
1286 4034 1361 4091 ente
1411 4011 1417 4023 ⁸

261 4162 286 4206 r.
309 4166 367 4226 qne
402 4143 482 4225 (hoc
511 4145 594 4208 enim
623 4144 654 4207 in
687 4141 776 4207 libris
804 4143 978 4230 reperitur)
1010 4141 1134 4227 syllaba
1155 4145 1361 4211 emendatur:

262 4279 425 4342 expressos,
446 4282 563 4341 neque
589 4299 621 4306 -
647 4267 740 4343 oros,
764 4259 802 4326 cf.
820 4237 932 4343 §.rso
955 4245 1024 4329 5136.
1049 4262 1076 4344 s.
1098 4265 1156 4330 141
1179 4285 1251 4330 sum
1273 4263 1362 4328 nuos

262 4390 373 4446 ceronio
397 4387 434 4445 ut
456 4377 542 4464 apud
564 4377 710 4449 Dioscor.
732 4379 755 4442 Ι.
773 4377 844 4458 157,
865 4398 930 4442 non
951 4400 1060 4443 rernm
1084 4366 1197 4446 scribo.

692 4549 761 4622 142
775 4573 821 4608 =
834 4549 931 4635 834.
1362 4561 1425 4628 506

306 4677 437 4757 Nnciei
477 4678 584 4756 nucis
623 4679 754 4777 pineae
781 4721 823 4740 ψ
853 4723 899 4734 --
925 4678 1053 4756 fauces
1091 4678 1262 4758 videntur
1300 4705 1365 4760 cu·

1205 4811 1226 4880 9
