3567 5559
408 745 450 812 52
490 729 497 738 ’
849 747 940 808 arua
955 745 1081 808 rvrn.

410 947 525 1022 ortum,
546 945 582 1004 ut
602 945 689 1004 recte
709 938 750 1002 ab
772 940 850 1003 lano
872 961 905 1024 p.
927 938 1007 1003 XVI
1029 947 1216 1005 annotatum
1240 947 1290 1004 est
1312 961 1330 1006 e
1351 939 1495 1022 calorgio,

410 1055 497 1144 quoa
524 1057 556 1120 n
586 1056 660 1120 urst.
687 1055 786 1140 plant.
809 1055 898 1121 vnr.
921 1059 950 1122 4.
974 1057 994 1123 3
1015 1056 1140 1142 legitur.
1183 1057 1289 1132 ouum
1323 1036 1422 1122 auch
1439 1076 1498 1119 non

409 1173 471 1238 hoc
492 1173 562 1237 loco
581 1173 648 1236 solo
677 1191 697 1234 a
717 1169 933 1254 Theophrasti
955 1173 1169 1260 descriptione
1191 1175 1313 1238 Plinius
1347 1174 1501 1240 recesserit
1561 1235 1564 1244 ,

412 1294 532 1376 (genus
554 1291 638 1353 enim
661 1289 826 1373 speudian‚
849 1291 979 1376 egregie
1002 1291 1099 1358 aSill.
1120 1283 1303 1359 restituturh
1312 1291 1398 1377 apud
1408 1291 1502 1355 Theo-

328 1459 334 1466 .
408 1406 574 1494 phrastum
595 1426 660 1469 noo
686 1407 790 1490 magis
811 1407 930 1500 legitur
956 1428 1052 1494 quam
1077 1406 1244 1493 Sophoclis
1275 1430 1386 1474 versus
1407 1428 1423 1472 e
1441 1407 1505 1471 Tri·

409 1523 549 1608 ptolemo
571 1521 680 1585 labala
701 1524 888 1606 repetitus),
922 1545 942 1586 a
963 1523 1127 1588 codicibus
1150 1525 1300 1588 standum
1329 1523 1506 1610 legendum·
1578 1537 1584 1550 ·

411 1657 473 1732 que
495 1645 545 1703 est
565 1645 721 1716 stlenpion.
743 1643 795 1738 At·
809 1648 921 1704 contra
942 1639 1016 1703 inde
1032 1641 1140 1724 a§.69
1155 1641 1370 1727 Theophrasti
1382 1640 1510 1724 vestigia

411 1757 497 1842 legit,
530 1757 638 1841 itaque
660 1757 688 1840 ξ.
711 1756 752 1823 70
772 1764 902 1820 ritonion
929 1762 966 1836 (a
981 1765 1069 1834 σῖτος
1084 1757 1231 1851 ductum)
1254 1749 1299 1822 cx
1320 1758 1395 1823 hist.
1415 1759 1509 1844 plaut.
1532 1811 1534 1816 .

388 1868 391 1876 ’
411 1873 500 1938 VIII.
514 1874 576 1940 23
597 1874 774 1958 scripturae
796 1873 942 1938 codicum
959 1881 1095 1938 setanion
1116 1876 1168 1960 vel
1188 1887 1322 1939 solomon
1344 1875 1511 1940 substitua-

411 2001 463 2057 tur
484 1999 618 2076 oportet.

847 2171 893 2241 66
921 2187 963 2219 =
989 2167 1084 2254 7,12.
1397 2245 1402 2253 ,

412 2294 500 2359 Inter
521 2316 561 2358 ea
583 2296 678 2359 tritici
699 2314 836 2380 genera,
872 2316 954 2382 quae
977 2295 1114 2360 Romam
1137 2295 1345 2376 invehuntur,
1381 2312 1515 2358 comma·

411 2419 555 2475 moratur
576 2412 672 2474 etiam
686 2418 882 2493 Bucolicum,
908 2383 1001 2495 male,
1034 2431 1138 2498 neque
1161 2412 1246 2476 enim
1263 2411 1402 2476 Boeotia
1423 2409 1517 2474 Plinii

412 2534 518 2592 aetate
540 2527 685 2613 frugibus
708 2528 908 2593 abundabat:
928 2533 1080 2594 Baeticam
1097 2527 1316 2614 reponendum
1334 2534 1385 2592 est
1399 2548 1417 2592 e
1432 2525 1518 2610 §.aa

413 2645 498 2734 quod
519 2647 552 2709 in
574 2646 634 2710 cod
652 2667 672 2710 a
693 2651 846 2710 Boeticum
861 2647 1009 2710 scribitur
1029 2647 1091 2712 levi
1107 2647 1183 2710 vitio
1205 2645 1385 2730 eodemque
1408 2643 1446 2708 ad
1470 2646 1518 2707 iu·
1542 2675 1546 2682 ·

413 2765 658 2851 terpolationem
679 2765 819 2852 proclivi.
872 2793 880 2816 ι

408 3057 412 3064 ,
846 2978 893 3049 67
919 2995 960 3026 ²
986 2975 1081 3060 7,12.

464 3103 542 3181 Lex
570 3113 670 3181 certe
696 3112 847 3180 naturae
873 3111 912 3179 ut
938 3101 1002 3179 rel.

496 3241 531 3301 ln
554 3237 623 3302 cod.
646 3258 667 3301 a
687 3244 760 3322 post
782 3260 811 3302 v.
841 3249 973 3300 naturae
1002 3235 1138 3318 spatium
1175 3231 1308 3295 duarum
1341 3230 1519 3294 litterarum

416 3375 550 3420 vacuum
571 3354 768 3439 relinquitur,
800 3330 1007 3439 quod-verbo
1031 3365 1075 3415 ert
1096 3347 1291 3435 explendum
1313 3367 1385 3412 esse
1408 3366 1426 3409 e
1447 3366 1519 3433 pro·

368 3478 375 3482 ’
413 3473 500 3535 ximo
529 3458 690 3534 vocabulo
715 3471 910 3555 intelligitur.
955 3472 993 3552 §c
1006 3470 1046 3536 68
1079 3489 1120 3532 ex
1141 3465 1256 3531 eodem
1278 3463 1346 3529 cod.
1372 3465 1517 3528 ascribo

413 3594 574 3668 Hispania.
606 3589 634 3669 ἕ.
657 3589 697 3655 71
732 3572 873 3669 cuidam,
908 3586 993 3673 quod
1030 3585 1119 3649 dedit
1141 3584 1207 3648 Sill.
1242 3582 1380 3646 servavit
1412 3565 1542 3660 lanus(

414 3726 582 3794 operarum
604 3705 680 3769 vitio
702 3704 905 3768 tribuendum
935 3723 1006 3768 esse
1028 3703 1200 3774 existimo„
1228 3699 1402 3784 Vulgatam
1435 3699 1517 3762 onim

414 3825 583 3890 lectionem
606 3829 732 3905 quidem,
754 3823 795 3886 ad
817 3843 912 3909 quam
935 3821 1054 3885 nullam
1075 3820 1249 3903 scripturae
1272 3815 1516 3900 discrepantiam

415 3941 521 4004 afferri
542 3944 645 4025 video,
667 3940 840 4026 particula,
871 3960 935 4026 qua
957 3936 1196 4020 Theophrastus
1218 3935 1271 3998 IV.
1293 3933 1323 3998 4.
1348 3931 1388 4006 10
1410 3934 1519 4010 utitur,

413 4063 559 4147 potitore
581 4062 619 4126 δέ
643 4059 833 4136 defenditur.

269 4239 275 4252 ’
332 4285 394 4354 348

463 4340 710 4441 Hippocrates
737 4365 757 4416 e
785 4341 998 4417 clarissimis
1024 4339 1228 4414 medicinae
1255 4335 1422 4412 scientia.

390 4469 394 4490 '
497 4471 814 4554 uod.·a1screnoae,
847 4478 941 4558 quern
964 4469 1145 4556 genetivum
1174 4467 1336 4553 qualitatis
1371 4463 1513 4550 equidem

415 4597 565 4681 vulgatae
593 4589 815 4675 praetulerim3
849 4590 933 4653 inter
964 4585 1113 4668 exempla
1134 4585 1218 4648 enim
1247 4605 1266 4647 a
1300 4582 1514 4685 Grasbergero

415 4730 446 4795 p.
475 4711 516 4777 29
537 4711 635 4774 allata
658 4707 754 4772 stiam
778 4704 897 4790 duplex
918 4703 1084 4790 genetivus
1107 4701 1165 4767 XI.
1182 4701 1223 4769 86
1248 4699 1414 4784 reperitur.
1439 4793 1445 4804 ,

865 4213 1070 4298 75:7‚1s
