3567 5559
439 549 502 617 m
883 547 985 616 mer
1005 549 1097 616 1112

485 745 565 812 Μ
588 734 804 836 Wlfflin
825 733 1010 811 exsistere
1031 743 1284 834 tutgeuerum
1312 755 1403 808 auru
1423 754 1447 804 e
1476 729 1557 830 spi·

486 881 592 948 ruute
618 882 837 972 conceptum
862 880 924 946 rel.
1620 867 1621 870 ’

521 1003 629 1070 Recte
639 1003 787 1090 Silligius
805 1026 868 1090 pru
884 1003 1020 1092 vulgatu
1034 1005 1205 1089 seriptum
1217 1011 1377 1068 concentu
1394 1023 1471 1068 eum
1486 1001 1556 1096 Du-

436 1124 601 1207 lecumpiu
624 1143 643 1188 e
664 1120 762 1188 eodd.
781 1121 871 1187 dedit
892 1129 1091 1209 conceptum.
1133 1121 1169 1186 ln
1191 1120 1423 1204 superioribus
1451 1139 1555 1204 prae-

437 1243 560 1329 positio
582 1265 601 1306 e
619 1241 697 1307 loco
718 1261 785 1306 uun
799 1251 879 1325 apte
893 1241 1004 1326 posita
1017 1239 1182 1326 displicet.
1211 1242 1432 1324 Quapropter
1448 1258 1552 1324 quum

437 1359 508 1426 a'l'
531 1367 671 1446 prorsus
691 1359 792 1438 absit,
812 1359 846 1424 in
869 1358 889 1421 d
913 1377 995 1422 aure
1016 1355 1189 1435 semitatus,
1210 1355 1386 1422 delendam
1410 1375 1552 1420 censeo.

357 1539 421 1608 219
849 1524 922 1602 125
937 1559 973 1590 -ε
986 1524 1049 1620 25,
1063 1525 1125 1601 55.

488 1663 629 1762 Styrux
654 1663 826 1775 laudatur
850 1671 937 1760 post
962 1684 1079 1758 supru
1101 1659 1200 1737 dicta
1223 1685 1272 1736 ex
1290 1658 1450 1753 Pisidia,
1474 1657 1549 1733 Si-

487 1799 625 1894 doue,
647 1800 794 1899 Cypro,
821 1797 973 1891 Cilicia,
996 1797 1110 1888 Greia
1133 1795 1301 1889 minime3
1327 1821 1378 1870 ex
1403 1797 1548 1872 Amano

404 1935 407 1940 ’
485 1937 622 2039 Syriae
649 1935 823 2030 medicis,
846 1933 916 2009 sed
943 1929 1194 2032 unguentariis
1221 1921 1349 2030 magis.
1404 1931 1546 2006 Gelos

485 2073 523 2150 in
550 2098 769 2175 quacunque
798 2071 947 2149 natione
975 2071 1235 2172 praeferuntur
1260 2067 1366 2145 rufus
1401 2078 1441 2144 et
1467 2067 1543 2167 pin-

453 2311 456 2316 ·
484 2209 608 2307 guiter
627 2209 807 2284 lentus...
1289 2193 1292 2200 ⁵

516 2355 646 2424 Initium
662 2356 828 2440 ⁴enuntiati
849 2356 998 2421 correxit
1020 2355 1205 2424 Salmasius
1228 2351 1344 2440 pum,
1366 2354 1422 2441 qui
1444 2374 1545 2421 vocu-

436 2473 548 2539 bulum
569 2471 693 2540 Sidone
713 2475 802 2560 quod
825 2474 857 2538 in
879 2493 901 2541 a
922 2473 1058 2558 legitur,
1086 2497 1186 2560 quum
1209 2489 1235 2542 Θ
1256 2471 1500 2558 habeatSide,
1521 2475 1543 2538 d

433 2590 492 2656 reu
511 2599 543 2660 el
558 2613 589 2672 e,
611 2591 640 2657 Τ
659 2591 717 2655 seu
731 2600 774 2671 et,
793 2588 1017 2677 dittographia
1037 2610 1057 2657 e
1075 2591 1201 2655 Pisidia
1221 2603 1328 2658 ortum
1351 2611 1432 2658 esse
1452 2590 1543 2657 iutel-

433 2708 553 2797 lexit„
579 2709 735 2794 Proxima
762 2713 808 2776 ita
834 2708 935 2777 seribi
959 2710 1082 2776 voluit:
1110 2714 1244 2776 minime
1266 2734 1309 2776 ex
1330 2711 1462 2775 Amano
1483 2712 1541 2776 rel

433 2827 672 2901 Verumtamen
702 2839 735 2895 et
765 2830 879 2895 durior
906 2850 947 2895 eu
972 2839 1141 2895 structura
1171 2840 1224 2894 est
1250 2840 1283 2895 et
1309 2850 1430 2894 vocem
1460 2829 1542 2894 eolus

433 2957 550 3012 servat
581 2946 759 3014 manifesto
788 2956 991 3033 corruptam.
1046 2945 1112 3019 Qui
1142 2944 1229 3012 euim
1262 2945 1337 3012 fieri
1368 2957 1481 3032 potest
1497 2960 1543 3018 ¹ut

435 3064 742 3152 calumniamini
763 3063 898 3131 lentus“
919 3060 1129 3149 appelletur?
1172 3061 1389 3149 Quapropter
1405 3065 1439 3129 iu
1459 3065 1542 3149 prio·
1620 3053 1621 3144 l

431 3183 527 3249 ribus
545 3181 1025 3268 interpunctionem'vulgutam
1041 3183 1170 3248 retineo
1184 3202 1226 3250 eu
1239 3201 1355 3268 sensu,
1376 3193 1412 3248 ut
1425 3195 1542 3269 styrax

434 3297 570 3364 Cretica
591 3299 736 3362 omnium
749 3298 879 3363 minime
893 3298 1024 3365 laudari
1037 3299 1177 3379 dicatur,
1197 3298 1325 3388 reliqua
1346 3300 1392 3366 ita
1413 3302 1540 3368 scribut
1620 3279 1621 3314 ³

474 3446 516 3460 -
547 3433 592 3474 ex
618 3413 750 3478 Arsene
769 3411 888 3498 Syriae
915 3415 1065 3496 predicis,
1102 3416 1161 3480 seul
1187 3419 1416 3506 uisquenluriis
1442 3421 1540 3510 rnupis
1620 3419 1621 3424 ’

475 3524 658 3594 Gubulis.
706 3527 754 3590 In
774 3547 970 3622 quoeunque
992 3529 1127 3594 natione
1147 3531 1206 3598 rel.

432 3649 533 3718 cirea
543 3645 675 3716 Gabala
697 3646 783 3713 enim
803 3654 974 3732 styracem
995 3646 1085 3736 gigni
1107 3650 1207 3717 modu
1225 3651 1385 3720 retulerat
1406 3651 1538 3722 Plinius.

352 4119 416 4185 220
508 4130 510 4133 ·
887 4085 937 4160 23
950 4096 989 4156 ='
1002 4088 1038 4182 3,
1049 4087 1087 4162 4.

481 4265 529 4282 -
558 4223 702 4321 aquilae
728 4232 831 4298 certe
856 4245 901 4296 ue
923 4220 1028 4320 signu
1052 4224 1308 4322 pulverulenta
1331 4222 1392 4298 illa
1415 4234 1453 4300 et
1477 4249 1537 4300 cu-

400 4454 404 4462 .
483 4353 650 4457 apidibus
675 4355 827 4432 horride
848 4363 1061 4454 unguuntur
1081 4355 1186 4429 iestis
1208 4356 1360 4452 diebus3
1388 4359 1535 4434 utinam-

485 4515 559 4593 que
584 4487 713 4566 (liuere
734 4499 952 4590 possent,
983 4487 1066 4589 quis
1093 4489 1235 4592 primus
1253 4492 1487 4572 instituisset.
