3567 5559
1303 703 1367 774 205

255 904 362 969 oratis
383 903 466 967 lrlno
488 902 657 987 ‹le-pta
676 903 765 987 apud
784 903 970 968 On‘bminrn
991 905 1032 968 11.
1053 905 1096 971 58
1115 904 1283 987 leguntur,
1302 919 1368 967 non

257 1020 409 1086 debebat
426 1021 603 1106 negligere.
643 1019 722 1083 'Pria
846 1021 1052 1086 eoolrlearm
1072 1039 1193 1108 genera
1213 1017 1369 1105 distingo·

256 1144 360 1203 antor
380 1143 522 1223 oportet:
553 1137 691 1218 heliees,
719 1145 841 1202 teretes
861 1146 897 1202 et
916 1139 1076 1226 oblongae
1097 1137 1213 1225 quitus
1234 1137 1369 1220 anime,

254 1255 440 1337 rotundae,
470 1255 585 1340 quibus
606 1255 711 1319 oleum
741 1258 900 1320 asservari
922 1259 1056 1322 solebat
1097 1256 1240 1320 Primum
1261 1264 1368 1320 autem

255 1393 370 1460 genus
391 1393 465 1436 oum
486 1374 588 1436 altero
607 1372 694 1457 apud
704 1373 844 1437 Plinium
862 1374 1030 1439 confusum
1053 1375 1288 1460 oonilatumque
1310 1381 1370 1456 est,

256 1511 365 1578 quum
386 1490 420 1553 in
439 1490 504 1553 imo
523 1489 662 1553 fortasse
682 1492 829 1576 margine
849 1492 1015 1576 archetypi
1035 1511 1148 1557 versus
1168 1491 1297 1556 XXVII
1318 1493 1368 1557 lit·

256 1616 409 1673 terarum
430 1607 613 1688 excidisset,
633 1607 780 1672 ultimum
801 1609 938 1694 proximi
960 1607 1152 1674 vooabnlum
1173 1610 1207 1674 in
1229 1629 1267 1674 so
1278 1609 1371 1692 libro,

255 1724 403 1790 undeB
435 1723 539 1788 oodex
573 1724 752 1810 descriptus
774 1732 840 1808 est,
883 1726 972 1791 solus
1009 1733 1234 1810 conservatus,
1278 1727 1371 1792 ineo

260 1841 418 1927 exemplo
461 1845 547 1928 quod
588 1843 703 1906 esteris
744 1850 1024 1930 repraesentatur,
1060 1843 1244 1908 interiisset.
1305 1843 1374 1910 Nos

261 1961 368 2046 igitur
408 1979 487 2024 vooe
513 1965 596 2024 rodii
637 1960 787 2046 religiose
828 1968 957 2026 servata
993 1961 1142 2026 lacunam
1174 1961 1220 2028 ita
1253 1960 1374 2048 expleri

259 2076 456 2144 statuimus:
491 2141 497 2147 .
708 2053 714 2064 ι

307 2199 510 2274 quibusrodit
531 2205 706 2270 exstant;
729 2206 870 2259 teretes
888 2201 1033 2291 ¹quibas
1053 2205 1091 2260 at
1112 2199 1214 2260 tutte
1236 2205 1373 2274 cantorem

308 2324 401 2377 extra
420 2317 497 2378 Isaeo
515 2313 571 2379 rel.

661 2435 736 2509 150
763 2463 796 2492 =
822 2431 973 2510 ibidem.
1174 2507 1179 2518 ,
1395 2461 1455 2534 721

317 2609 364 2622 -
392 2563 561 2664 pectines
588 2565 736 2639 maximi
769 2569 805 2640 et
831 2565 1017 2664 nigerrimi
1043 2570 1209 2656 aestate,
1249 2563 1376 2642 lauda-

316 2685 449 2774 tissimi
461 2704 584 2774 autem
595 2695 791 2795 Mytilenis
814 2697 1036 2796 Tyndaride,
1064 2693 1222 2788 Salonis,
1249 2695 1376 2789 Altini,

318 2829 411 2908 Chia
436 2831 567 2908 insula.

352 2964 413 3027 Hio
435 2984 560 3048 quoque
583 2962 724 3048 Silligius
755 2964 824 3028 lani
856 2963 956 3048 oopiis
983 2961 1182 3048 negligenter
1210 2981 1288 3027 usus
1318 2967 1376 3030 est.
1486 2997 1491 3024 t

269 3081 367 3162 Nam,
390 3080 473 3144 siout
492 3080 546 3144 ille
569 3080 603 3144 in
626 3080 676 3146 ed.
698 3079 857 3146 LTeobn.
870 3086 1019 3146 aoourate
1039 3078 1156 3162 retulit,
1174 3085 1247 3144 ante
1269 3101 1298 3144 v.
1322 3079 1377 3162 ,ni-

268 3197 410 3284 gerrimi‘
434 3197 506 3299 inl}
528 3199 679 3306 sommum
701 3196 808 3262 exstet
829 3203 860 3261 in
880 3202 937 3280 tis,
959 3195 1146 3263 rectissimo.
1168 3195 1281 3284 Neque
1293 3197 1379 3262 enim

267 3315 436 3400 nigerrimi
457 3315 601 3399 peotines
618 3321 692 3378 sunt
711 3321 846 3398 aestate,
867 3316 926 3380 sed
939 3313 1162 3398 laudatissimi,
1184 3311 1224 3380 ei.
1238 3311 1377 3380 Xenoor.

268 3435 290 3497 l.
315 3432 336 3494 l.
369 3431 504 3495 Maximi
528 3431 626 3516 igitur
653 3433 798 3518 pestines'
818 3440 851 3497 et
876 3432 1049 3520 praecipue
1070 3431 1232 3520 nigerrimi
1262 3431 1379 3520 quique

270 3556 397 3616 aestate
420 3549 531 3634 optimi
553 3555 644 3632 sunt;
666 3555 708 3632 ,ti
730 3552 898 3614 sutem‘-.
922 3571 996 3616 nam
1018 3549 1099 3616 haee
1127 3569 1253 3638 quoque
1276 3569 1337 3614 vox
1360 3571 1379 3615 s

269 3667 300 3732 B
322 3667 512 3732 ssoiseenda
539 3673 609 3731 erat
628 3705 670 3714 —
692 3673 767 3732 sunt
787 3667 839 3731 rel
865 3667 1067 3753 reperiuntur
1095 3687 1159 3732 noo
1187 3665 1286 3731 Altini
1321 3665 1378 3730 ssd

272 3785 380 3850 Latini
402 3791 486 3848 teste
507 3783 621 3848 eodem
641 3783 836 3849 Xenocrate.
857 3786 969 3870 ltaque
991 3781 1061 3850 ood.
1086 3781 1115 3848 B
1137 3783 1294 3870 scriptura
1316 3789 1378 3848 atri.

270 3909 355 3968 nicio
380 3907 534 3982 (ouinioia
555 3903 670 3977 aeteri)
696 3902 742 3966 sio
763 3899 1001 3967 emendabitur:

316 4021 435 4101 saiso,
456 4027 489 4084 in
513 4023 588 4085 orsa
608 4025 718 4084 insule
742 4019 791 4104 (in
813 4020 876 4083 iam
898 4019 939 4084 ab
962 4019 986 4086 1.
1009 3999 1153 4082 additum
1176 4024 1254 4104 ost).

448 4174 698 4264 152--11ss
724 4169 880 4250 Ovidius
907 4169 1225 4250 oonrnremoravit:
1320 4183 1464 4258 mam

323 4352 373 4364 -
396 4328 548 4408 pamm,
584 4311 733 4404 tagum
769 4311 808 4381 et
846 4301 1055 4404 plsoemem
1089 4303 1209 4382 caum
1242 4301 1382 4382 melen-

322 4463 442 4516 urum.

356 4593 483 4653 sporn
502 4571 641 4635 oonieoit
661 4567 822 4653 meotis·
850 4585 894 4632 ex
914 4566 1021 4633 Ovidii
1043 4589 1071 4634 v.
1094 4569 1171 4648 rot,
1198 4567 1252 4654 qai
1274 4576 1381 4632 mmm·

276 4690 465 4778 spunlom‘
485 4687 640 4753 nomina,
685 4685 759 4749 Veri
779 4683 920 4748 similior
937 4705 977 4748 os
1002 4685 1060 4766 tis,
1072 4703 1170 4748 onom
1193 4681 1382 4748 recentum
