3567 5559
718 719 809 783 Liber
828 721 983 784 XXXVI.
1218 817 1223 824 υ
1342 717 1404 787 235

725 911 983 1015 roureto.
1094 961 1098 968 -
1213 949 1216 956 ·
1426 965 1488 1036 797
1585 903 1591 916 '

337 1047 545 1142 (Ferrum)
575 1045 729 1123 trahitur
753 1054 925 1148 magnete
963 1047 1088 1150 lapide
1115 1092 1172 1126 -.
1220 1047 1404 1126 Sideritim

333 1181 398 1258 ob
440 1181 479 1256 id
521 1180 593 1257 atio
633 1181 780 1259 nomine
814 1188 969 1272 vocant,
1009 1181 1157 1280 qnidam
1196 1179 1405 1259 Heraclion.

332 1313 503 1413 Magnes
528 1313 594 1390 rel.
906 1319 909 1327 ’

378 1445 525 1510 Primum
546 1445 703 1531 particula
730 1465 859 1524 nomque
879 1450 954 1531 post
979 1467 1008 1512 v.
1032 1451 1163 1510 traditur
1183 1468 1266 1535 quae
1286 1423 1352 1512 non
1373 1448 1406 1511 iu

273 1564 312 1628 R
329 1563 358 1628 d
379 1569 508 1628 tautum
521 1564 579 1628 scd
591 1561 950 1648 edam‘inBreperitnr
971 1563 1158 1629 restituatur
1180 1571 1315 1650 oportet,
1338 1571 1406 1629 nrm

281 1689 468 1748 Heraclion
489 1683 589 1756 altero
611 1681 741 1745 nomine
763 1679 927 1744 Graecum
945 1679 1043 1745 etism
1076 1699 1195 1767 genere
1230 1683 1330 1747 fuisse
1352 1681 1407 1748 de·

278 1804 508 1883 monstrator,
541 1805 639 1885 atque
654 1795 830 1883 Ἡράκλεια
850 1801 947 1875 λίθος
969 1797 1009 1863 ab
1030 1797 1193 1886 Hesychio
1215 1800 1407 1865 nominatur.

161 1970 162 1981 ,
280 1921 416 2006 ltaque
433 1921 619 1983 Heracliam
642 1922 789 1993 (eructem
811 1937 852 1979 oo
873 1915 921 1994 R)
936 1915 1140 1982 scribendum
1161 1925 1219 1983 est.

707 2066 993 2146 130=ibidem
1427 2076 1490 2153 tos

348 2203 463 2281 Alius
488 2224 615 2277 rursus
640 2199 825 2278 iueadem
838 2199 1041 2302 Aethiopia
1066 2225 1140 2280 nou
1156 2203 1407 2303 proculmous

346 2335 489 2438 [giguit
529 2333 691 2437 lapidem
730 2331 954 2413 theamedeu
994 2335 1071 2434 qui]
1122 2335 1257 2444 ferrum
1297 2358 1406 2414 omne

351 2468 471 2569 abigit
496 2467 724 2571 respuitque.
823 2518 834 2543 .

384 2601 476 2678 Quae
507 2597 694 2665 inclusimus
716 2599 873 2664 vocabula
902 2597 990 2662 unde
1021 2591 1054 2661 in
1084 2602 1278 2664 recentiores
1310 2599 1408 2666 libros

162 2750 166 2789 r
293 2701 499 2804 irrepserint,
522 2716 642 2800 nescio,
665 2735 703 2780 ac
718 2716 821 2801 possit
837 2736 917 2780 sane
933 2714 1052 2801 aliquid
1075 2721 1149 2780 ante
1170 2737 1199 2780 v.
1223 2719 1336 2800 ,mons‘
1358 2715 1410 2781 vel

292 2841 377 2923 post
398 2832 534 2900 eandem
556 2832 716 2898 excidisse
737 2834 848 2900 videri.
871 2832 916 2898 At
938 2853 1035 2918 quum
1056 2833 1138 2918 lapis
1159 2833 1212 2899 ille
1230 2841 1262 2898 et
1277 2854 1408 2920 prorsus

164 2992 169 3030 12
292 2954 431 3040 ignotus
454 2951 496 3018 sit
522 2958 619 3040 atque
641 2972 682 3015 ne
709 2952 743 3016 in
765 2951 870 3016 iudice
893 2949 1022 3037 quidem
1049 2951 1142 3016 huius
1165 2950 1238 3018 libri
1269 2951 1407 3037 reperia-

294 3079 371 3153 tur,
408 3070 485 3134 artis
513 3051 644 3136 no'strae
670 3069 795 3156 legibus
823 3076 900 3154 puto
936 3067 1152 3133 condemnari.
1193 3069 1274 3134 'Prrm
1303 3071 1408 3160 ipsum

295 3187 383 3254 illud
415 3186 605 3252 vocabulum
636 3207 721 3252 mons
752 3183 913 3273 lapidibus
943 3185 997 3250 vix
1022 3184 1147 3251 videtur
1166 3193 1253 3253 reete
1280 3189 1408 3275 opponi,

165 3396 166 3401 ἵ
299 3327 403 3396 quare
423 3304 582 3390 Isidorum
598 3304 721 3372 xvir
741 3310 871 3370 secutus
897 3305 1005 3388 legere
1026 3304 1150 3370 malim:
1173 3311 1210 3371 Α.
1232 3327 1256 3371 r.
1280 3313 1299 3370 i.
1322 3326 1347 3373 e.
1370 3314 1408 3375 A.

166 3436 167 3443 ’
286 3440 428 3504 aroaaes
445 3425 637 3500 formaret.
676 3421 788 3509 Neque
810 3425 895 3488 euim
918 3421 958 3488 do
979 3421 1092 3490 Indiae
1113 3430 1222 3493 monto
1244 3423 1304 3506 (ΙΙ.
1326 3425 1406 3507 211)

298 3540 507 3628 cogitandum
531 3549 591 3606 est.

729 3695 984 3782 13021636.
1255 3707 1259 3712 ’
1364 3805 1365 3808 ¹
1428 3724 1491 3794 799

353 3829 532 3930 Lapidem
558 3851 580 3904 e
604 3823 724 3925 Scyro
763 3824 884 3901 insula
909 3823 1093 3921 integrum
1130 3821 1298 3901 fluctuari
1336 3831 1409 3902 tra·

352 3963 460 4052 dont,
487 3960 646 4038 eundem
668 3957 930 4037 comminutum
954 3955 1083 4055 mergi.

387 4093 523 4158 Codices
545 4111 656 4157 ornnes
679 4097 775 4177 atque
796 4092 850 4176 qui
872 4109 930 4154 suo
953 4107 1065 4168 errore,
1082 4107 1192 4154 eorum
1220 4091 1409 4174 scripturam
1460 4101 1468 4116 ‘

164 4218 165 4221 ’
302 4211 472 4279 confimat
503 4209 646 4275 Isidorus
666 4208 799 4274 XVI.4
834 4207 926 4293 ,lapis
954 4207 1098 4293 aSyrio‘
1128 4191 1249 4272 habent
1282 4212 1409 4290 asyro,

290 4327 346 4395 ad
369 4349 449 4415 quos
471 4348 569 4414 quum
597 4327 631 4391 iu
653 4324 758 4390 iudice
786 4329 883 4390 etiam
906 4324 1105 4408 raucedo,
1130 4324 1256 4428 pilligii
1277 4325 1409 4410 Ianique

302 4445 457 4514 iudicium
473 4465 540 4512 non
555 4454 689 4530 possum
709 4463 774 4511 uon
785 4443 904 4526 mnari,
927 4443 982 4530 qui
1001 4443 1034 4508 in
1046 4442 1410 4510 Hardu'inisentontiam

302 4573 476 4652 propterea
497 4568 740 4645 concesseruut,
769 4559 855 4647 quod
876 4559 996 4646 Scyros
1016 4561 1121 4625 insula
1142 4559 1289 4644 lapidosa
1309 4560 1409 4626 fuisse
1493 4582 1504 4598 ⁸

301 4687 464 4764 sanatur,
499 4683 593 4766 quasi
612 4679 687 4745 inde
715 4685 963 4765 consequeretur
984 4677 1087 4745 nullos
1105 4677 1150 4744 iu
1173 4678 1255 4764 Syro
1283 4676 1408 4764 lapides
1545 4761 1551 4770 ἱ
