<?xml version="1.0" encoding="UTF-8"?>
<!DOCTYPE html PUBLIC "-//W3C//DTD XHTML 1.0 Transitional//EN"
    "http://www.w3.org/TR/xhtml1/DTD/xhtml1-transitional.dtd">
<html xmlns="http://www.w3.org/1999/xhtml" xml:lang="en" lang="en">
 <head>
  <title>
</title>
<meta http-equiv="Content-Type" content="text/html;charset=utf-8" />
  <meta name='ocr-system' content='tesseract 3.04.00' />
  <meta name='ocr-capabilities' content='ocr_page ocr_carea ocr_par ocr_line ocrx_word'/>
</head>
<body>
  <div class='ocr_page' id='page_1' title='image "./vindiciaeplinia00urligoog_0021.png"; bbox 0 0 3567 5559; ppageno 0'>
   <div class='ocr_carea' id='block_1_1' title="bbox 718 626 1366 702">
    <p class='ocr_par' dir='ltr' id='par_1_1' title="bbox 718 626 1366 702">
     <span class='ocr_line' id='line_1_1' title="bbox 718 626 1366 702; baseline 0.012 -8"><span class='ocrx_word' id='word_1_1' title='bbox 718 628 818 695; x_wconf 59' lang='lat' dir='ltr'><strong>Ledo</strong></span> <span class='ocrx_word' id='word_1_2' title='bbox 838 626 893 696; x_wconf 75' lang='lat'><strong>112</strong></span> <span class='ocrx_word' id='word_1_3' title='bbox 1325 634 1366 702; x_wconf 79' lang='lat' dir='ltr'><strong>ld</strong></span> 
     </span>
    </p>
   </div>
   <div class='ocr_carea' id='block_1_2' title="bbox 242 812 1365 2789">
    <p class='ocr_par' dir='ltr' id='par_1_2' title="bbox 242 812 1365 2789">
     <span class='ocr_line' id='line_1_2' title="bbox 242 812 1363 909; baseline 0.001 -22"><span class='ocrx_word' id='word_1_4' title='bbox 242 838 309 887; x_wconf 86' lang='lat' dir='ltr'><strong>cos</strong></span> <span class='ocrx_word' id='word_1_5' title='bbox 331 818 406 884; x_wconf 84' lang='lat' dir='ltr'><strong>dies</strong></span> <span class='ocrx_word' id='word_1_6' title='bbox 434 818 545 882; x_wconf 83' lang='lat' dir='ltr'><strong>visam</strong></span> <span class='ocrx_word' id='word_1_7' title='bbox 574 835 652 881; x_wconf 88' lang='lat' dir='ltr'><strong>esse</strong></span> <span class='ocrx_word' id='word_1_8' title='bbox 676 816 874 882; x_wconf 80' lang='lat' dir='ltr'><strong>narraverit.</strong></span> <span class='ocrx_word' id='word_1_9' title='bbox 927 812 1043 899; x_wconf 86' lang='lat' dir='ltr'><strong>ltaque</strong></span> <span class='ocrx_word' id='word_1_10' title='bbox 1064 814 1233 884; x_wconf 83' lang='lat' dir='ltr'><strong>Meursias</strong></span> <span class='ocrx_word' id='word_1_11' title='bbox 1252 830 1287 887; x_wconf 93' lang='lat' dir='ltr'><strong>et</strong></span> <span class='ocrx_word' id='word_1_12' title='bbox 1307 824 1363 909; x_wconf 83' lang='lat' dir='ltr'><strong>qui</strong></span> 
     </span>
     <span class='ocr_line' id='line_1_3' title="bbox 243 931 1363 1009; baseline 0.003 -3"><span class='ocrx_word' id='word_1_13' title='bbox 243 960 324 1006; x_wconf 86' lang='lat' dir='ltr'><strong>eum</strong></span> <span class='ocrx_word' id='word_1_14' title='bbox 345 948 487 1005; x_wconf 81' lang='lat' dir='ltr'><strong>secutus</strong></span> <span class='ocrx_word' id='word_1_15' title='bbox 511 946 566 1001; x_wconf 92' lang='lat' dir='ltr'><strong>est</strong></span> <span class='ocrx_word' id='word_1_16' title='bbox 578 934 730 999; x_wconf 86' lang='lat' dir='ltr'><strong>ldelerns</strong></span> <span class='ocrx_word' id='word_1_17' title='bbox 745 934 790 998; x_wconf 78' lang='lat' dir='ltr'><strong>cd</strong></span> <span class='ocrx_word' id='word_1_18' title='bbox 806 933 947 999; x_wconf 87' lang='lat' dir='ltr'><strong>Aristot.</strong></span> <span class='ocrx_word' id='word_1_19' title='bbox 964 932 987 997; x_wconf 89' lang='lat' dir='ltr'><strong>l.</strong></span> <span class='ocrx_word' id='word_1_20' title='bbox 1001 931 1022 999; x_wconf 92' lang='lat'><strong>1.</strong></span> <span class='ocrx_word' id='word_1_21' title='bbox 1037 931 1179 1002; x_wconf 85' lang='lat' dir='ltr'><strong>alterum</strong></span> <span class='ocrx_word' id='word_1_22' title='bbox 1193 957 1363 1009; x_wconf 88' lang='lat' dir='ltr'><strong>numerum</strong></span> 
     </span>
     <span class='ocr_line' id='line_1_4' title="bbox 244 1032 1364 1143; baseline 0.002 -20"><span class='ocrx_word' id='word_1_23' title='bbox 244 1058 339 1143; x_wconf 87' lang='lat' dir='ltr'><strong>apud</strong></span> <span class='ocrx_word' id='word_1_24' title='bbox 362 1055 502 1121; x_wconf 82' lang='lat' dir='ltr'><strong>Plinium</strong></span> <span class='ocrx_word' id='word_1_25' title='bbox 530 1056 564 1119; x_wconf 90' lang='lat' dir='ltr'><strong>in</strong></span> <span class='ocrx_word' id='word_1_26' title='bbox 585 1032 788 1118; x_wconf 69' lang='lat' dir='ltr'><strong>&#39;ccccxlii</strong></span> <span class='ocrx_word' id='word_1_27' title='bbox 811 1052 1001 1117; x_wconf 87' lang='lat' dir='ltr'><strong>mutandum</strong></span> <span class='ocrx_word' id='word_1_28' title='bbox 1023 1052 1237 1123; x_wconf 82' lang='lat' dir='ltr'><strong>arbitrantur.</strong></span> <span class='ocrx_word' id='word_1_29' title='bbox 1278 1059 1364 1125; x_wconf 90' lang='lat' dir='ltr'><strong>Nam</strong></span> 
     </span>
     <span class='ocr_line' id='line_1_5' title="bbox 244 1170 1365 1259; baseline -0.005 -17"><span class='ocrx_word' id='word_1_30' title='bbox 244 1178 327 1243; x_wconf 86' lang='lat' dir='ltr'><strong>licet</strong></span> <span class='ocrx_word' id='word_1_31' title='bbox 346 1174 513 1241; x_wconf 77' lang='lat' dir='ltr'><strong>cccxlii</strong></span> <span class='ocrx_word' id='word_1_32' title='bbox 533 1192 594 1238; x_wconf 90' lang='lat' dir='ltr'><strong>eos</strong></span> <span class='ocrx_word' id='word_1_33' title='bbox 616 1171 730 1256; x_wconf 90' lang='lat' dir='ltr'><strong>inepte</strong></span> <span class='ocrx_word' id='word_1_34' title='bbox 752 1170 935 1256; x_wconf 76' lang='lat' dir='ltr'><strong>scripsisse</strong></span> <span class='ocrx_word' id='word_1_35' title='bbox 948 1172 1058 1237; x_wconf 89' lang='lat' dir='ltr'><strong>tradat</strong></span> <span class='ocrx_word' id='word_1_36' title='bbox 1072 1170 1231 1259; x_wconf 70' lang='lat' dir='ltr'><strong>siligine,</strong></span> <span class='ocrx_word' id='word_1_37' title='bbox 1250 1174 1365 1245; x_wconf 80' lang='lat' dir='ltr'><strong>volus.</strong></span> 
     </span>
     <span class='ocr_line' id='line_1_6' title="bbox 243 1288 1362 1381; baseline 0.004 -21"><span class='ocrx_word' id='word_1_38' title='bbox 243 1305 327 1360; x_wconf 83' lang='lat' dir='ltr'><strong>runt</strong></span> <span class='ocrx_word' id='word_1_39' title='bbox 345 1294 436 1358; x_wconf 86' lang='lat' dir='ltr'><strong>haud</strong></span> <span class='ocrx_word' id='word_1_40' title='bbox 455 1293 555 1358; x_wconf 86' lang='lat' dir='ltr'><strong>dubie</strong></span> <span class='ocrx_word' id='word_1_41' title='bbox 567 1288 762 1357; x_wconf 74' lang='lat' dir='ltr'><strong>ccccxlii</strong></span> <span class='ocrx_word' id='word_1_42' title='bbox 780 1288 942 1369; x_wconf 86' lang='lat' dir='ltr'><strong>scribere,</strong></span> <span class='ocrx_word' id='word_1_43' title='bbox 964 1291 1010 1356; x_wconf 91' lang='lat' dir='ltr'><strong>ita</strong></span> <span class='ocrx_word' id='word_1_44' title='bbox 1031 1300 1067 1357; x_wconf 92' lang='lat' dir='ltr'><strong>ut</strong></span> <span class='ocrx_word' id='word_1_45' title='bbox 1088 1291 1143 1357; x_wconf 90' lang='lat' dir='ltr'><strong>hic</strong></span> <span class='ocrx_word' id='word_1_46' title='bbox 1163 1314 1296 1381; x_wconf 87' lang='lat' dir='ltr'><strong>quoqne</strong></span> <span class='ocrx_word' id='word_1_47' title='bbox 1315 1297 1362 1363; x_wconf 87' lang='lat' dir='ltr'><strong>ad</strong></span> 
     </span>
     <span class='ocr_line' id='line_1_7' title="bbox 248 1409 1361 1507; baseline 0.002 -28"><span class='ocrx_word' id='word_1_48' title='bbox 248 1414 477 1479; x_wconf 83' lang='lat' dir='ltr'><strong>coniecturam</strong></span> <span class='ocrx_word' id='word_1_49' title='bbox 498 1409 760 1497; x_wconf 81' lang='lat' dir='ltr'><strong>confugiendum</strong></span> <span class='ocrx_word' id='word_1_50' title='bbox 781 1428 861 1473; x_wconf 85' lang='lat' dir='ltr'><strong>esse</strong></span> <span class='ocrx_word' id='word_1_51' title='bbox 879 1410 1045 1507; x_wconf 66' lang='lat' dir='ltr'><strong>rideatur.</strong></span> <span class='ocrx_word' id='word_1_52' title='bbox 1077 1411 1129 1477; x_wconf 89' lang='lat' dir='ltr'><strong>Ne</strong></span> <span class='ocrx_word' id='word_1_53' title='bbox 1145 1412 1213 1478; x_wconf 87' lang='lat' dir='ltr'><strong>hoc</strong></span> <span class='ocrx_word' id='word_1_54' title='bbox 1228 1416 1361 1499; x_wconf 82' lang='lat' dir='ltr'><strong>quidem</strong></span> 
     </span>
     <span class='ocr_line' id='line_1_8' title="bbox 249 1528 1361 1617; baseline 0.004 -21"><span class='ocrx_word' id='word_1_55' title='bbox 249 1530 372 1617; x_wconf 87' lang='lat' dir='ltr'><strong>placet.</strong></span> <span class='ocrx_word' id='word_1_56' title='bbox 416 1530 523 1605; x_wconf 85' lang='lat' dir='ltr'><strong>Quum</strong></span> <span class='ocrx_word' id='word_1_57' title='bbox 549 1530 636 1594; x_wconf 91' lang='lat' dir='ltr'><strong>enim</strong></span> <span class='ocrx_word' id='word_1_58' title='bbox 657 1529 706 1596; x_wconf 52' lang='grc' dir='ltr'><strong>ΡΘ</strong></span> <span class='ocrx_word' id='word_1_59' title='bbox 726 1529 928 1614; x_wconf 78' lang='lat' dir='ltr'><strong>scripturam</strong></span> <span class='ocrx_word' id='word_1_60' title='bbox 952 1528 1056 1594; x_wconf 83' lang='lat' dir='ltr'><strong>cvlll</strong></span> <span class='ocrx_word' id='word_1_61' title='bbox 1076 1530 1109 1595; x_wconf 90' lang='lat' dir='ltr'><strong>in</strong></span> <span class='ocrx_word' id='word_1_62' title='bbox 1130 1529 1190 1596; x_wconf 83' lang='lat' dir='ltr'><strong>GV</strong></span> <span class='ocrx_word' id='word_1_63' title='bbox 1212 1542 1361 1600; x_wconf 83' lang='lat' dir='ltr'><strong>mutave·</strong></span> 
     </span>
     <span class='ocr_line' id='line_1_9' title="bbox 245 1646 1360 1736; baseline 0.001 -19"><span class='ocrx_word' id='word_1_64' title='bbox 245 1652 303 1733; x_wconf 83' lang='lat' dir='ltr'><strong>rit,</strong></span> <span class='ocrx_word' id='word_1_65' title='bbox 327 1649 450 1735; x_wconf 89' lang='lat' dir='ltr'><strong>aliquid</strong></span> <span class='ocrx_word' id='word_1_66' title='bbox 473 1648 594 1713; x_wconf 91' lang='lat' dir='ltr'><strong>saltem</strong></span> <span class='ocrx_word' id='word_1_67' title='bbox 614 1647 646 1710; x_wconf 95' lang='lat' dir='ltr'><strong>in</strong></span> <span class='ocrx_word' id='word_1_68' title='bbox 662 1648 848 1733; x_wconf 87' lang='lat' dir='ltr'><strong>archetypo</strong></span> <span class='ocrx_word' id='word_1_69' title='bbox 871 1646 956 1712; x_wconf 90' lang='lat' dir='ltr'><strong>libro</strong></span> <span class='ocrx_word' id='word_1_70' title='bbox 977 1650 1172 1735; x_wconf 83' lang='lat' dir='ltr'><strong>repperisse</strong></span> <span class='ocrx_word' id='word_1_71' title='bbox 1192 1653 1360 1736; x_wconf 87' lang='lat' dir='ltr'><strong>putandus</strong></span> 
     </span>
     <span class='ocr_line' id='line_1_10' title="bbox 244 1764 1360 1854; baseline -0.005 -18"><span class='ocrx_word' id='word_1_72' title='bbox 244 1785 301 1836; x_wconf 87' lang='lat' dir='ltr'><strong>est</strong></span> <span class='ocrx_word' id='word_1_73' title='bbox 311 1770 470 1835; x_wconf 88' lang='lat' dir='ltr'><strong>librarius</strong></span> <span class='ocrx_word' id='word_1_74' title='bbox 488 1768 577 1854; x_wconf 90' lang='lat' dir='ltr'><strong>quod</strong></span> <span class='ocrx_word' id='word_1_75' title='bbox 594 1787 615 1831; x_wconf 91' lang='lat' dir='ltr'><strong>a</strong></span> <span class='ocrx_word' id='word_1_76' title='bbox 628 1765 740 1852; x_wconf 89' lang='lat' dir='ltr'><strong>priore</strong></span> <span class='ocrx_word' id='word_1_77' title='bbox 755 1766 830 1832; x_wconf 92' lang='lat' dir='ltr'><strong>eod.</strong></span> <span class='ocrx_word' id='word_1_78' title='bbox 842 1764 889 1829; x_wconf 66' lang='lat'><strong>111</strong></span> <span class='ocrx_word' id='word_1_79' title='bbox 899 1764 1045 1833; x_wconf 90' lang='lat' dir='ltr'><strong>lectione</strong></span> <span class='ocrx_word' id='word_1_80' title='bbox 1058 1768 1266 1838; x_wconf 86' lang='lat' dir='ltr'><strong>abhorreret.</strong></span> <span class='ocrx_word' id='word_1_81' title='bbox 1288 1772 1360 1839; x_wconf 86' lang='lat' dir='ltr'><strong>Sci.</strong></span> 
     </span>
     <span class='ocr_line' id='line_1_11' title="bbox 242 1882 1361 1973; baseline 0 -18"><span class='ocrx_word' id='word_1_82' title='bbox 242 1890 328 1955; x_wconf 89' lang='lat' dir='ltr'><strong>licet</strong></span> <span class='ocrx_word' id='word_1_83' title='bbox 338 1889 395 1954; x_wconf 88' lang='lat' dir='ltr'><strong>ubi</strong></span> <span class='ocrx_word' id='word_1_84' title='bbox 407 1886 562 1953; x_wconf 84' lang='lat' dir='ltr'><strong>diviseris</strong></span> <span class='ocrx_word' id='word_1_85' title='bbox 575 1902 734 1951; x_wconf 89' lang='lat' dir='ltr'><strong>numeros</strong></span> <span class='ocrx_word' id='word_1_86' title='bbox 745 1882 864 1949; x_wconf 84' lang='lat' dir='ltr'><strong>GVllll</strong></span> <span class='ocrx_word' id='word_1_87' title='bbox 873 1885 907 1950; x_wconf 89' lang='lat' dir='ltr'><strong>in</strong></span> <span class='ocrx_word' id='word_1_88' title='bbox 919 1884 989 1952; x_wconf 84' lang='lat' dir='ltr'><strong>GV.</strong></span> <span class='ocrx_word' id='word_1_89' title='bbox 997 1887 1065 1965; x_wconf 88' lang='lat' dir='ltr'><strong>llll,</strong></span> <span class='ocrx_word' id='word_1_90' title='bbox 1080 1886 1243 1973; x_wconf 80' lang='lat' dir='ltr'><strong>intelliges</strong></span> <span class='ocrx_word' id='word_1_91' title='bbox 1260 1890 1361 1955; x_wconf 89' lang='lat' dir='ltr'><strong>inter·</strong></span> 
     </span>
     <span class='ocr_line' id='line_1_12' title="bbox 245 2003 1361 2093; baseline -0.003 -19"><span class='ocrx_word' id='word_1_92' title='bbox 245 2008 435 2093; x_wconf 85' lang='lat' dir='ltr'><strong>polutorem</strong></span> <span class='ocrx_word' id='word_1_93' title='bbox 456 2026 525 2070; x_wconf 86' lang='lat' dir='ltr'><strong>non</strong></span> <span class='ocrx_word' id='word_1_94' title='bbox 546 2005 771 2091; x_wconf 84' lang='lat' dir='ltr'><strong>olympiadem</strong></span> <span class='ocrx_word' id='word_1_95' title='bbox 793 2003 1008 2069; x_wconf 83' lang='lat' dir='ltr'><strong>centesimam</strong></span> <span class='ocrx_word' id='word_1_96' title='bbox 1028 2023 1152 2068; x_wconf 89' lang='lat' dir='ltr'><strong>nonam</strong></span> <span class='ocrx_word' id='word_1_97' title='bbox 1169 2006 1251 2088; x_wconf 84' lang='lat' dir='ltr'><strong>(seu</strong></span> <span class='ocrx_word' id='word_1_98' title='bbox 1270 2014 1361 2071; x_wconf 67' lang='lat' dir='ltr'><strong>ousta·</strong></span> 
     </span>
     <span class='ocr_line' id='line_1_13' title="bbox 243 2123 1359 2211; baseline 0.001 -21"><span class='ocrx_word' id='word_1_99' title='bbox 243 2127 353 2208; x_wconf 81' lang='lat' dir='ltr'><strong>vam),</strong></span> <span class='ocrx_word' id='word_1_100' title='bbox 373 2127 437 2191; x_wconf 85' lang='lat' dir='ltr'><strong>sed</strong></span> <span class='ocrx_word' id='word_1_101' title='bbox 459 2124 658 2211; x_wconf 83' lang='lat' dir='ltr'><strong>olympiadis</strong></span> <span class='ocrx_word' id='word_1_102' title='bbox 672 2123 890 2191; x_wconf 85' lang='lat' dir='ltr'><strong>centesimae</strong></span> <span class='ocrx_word' id='word_1_103' title='bbox 910 2123 1049 2207; x_wconf 88' lang='lat' dir='ltr'><strong>quintae</strong></span> <span class='ocrx_word' id='word_1_104' title='bbox 1071 2142 1193 2189; x_wconf 88' lang='lat' dir='ltr'><strong>annum</strong></span> <span class='ocrx_word' id='word_1_105' title='bbox 1207 2132 1359 2209; x_wconf 83' lang='lat' dir='ltr'><strong>quartum</strong></span> 
     </span>
     <span class='ocr_line' id='line_1_14' title="bbox 248 2242 1359 2328; baseline 0 -17"><span class='ocrx_word' id='word_1_106' title='bbox 248 2247 332 2328; x_wconf 79' lang='lat' dir='ltr'><strong>(seu</strong></span> <span class='ocrx_word' id='word_1_107' title='bbox 342 2244 488 2327; x_wconf 79' lang='lat' dir='ltr'><strong>tertium)</strong></span> <span class='ocrx_word' id='word_1_108' title='bbox 505 2242 668 2307; x_wconf 84' lang='lat' dir='ltr'><strong>nominari</strong></span> <span class='ocrx_word' id='word_1_109' title='bbox 687 2252 827 2326; x_wconf 85' lang='lat' dir='ltr'><strong>putasse</strong></span> <span class='ocrx_word' id='word_1_110' title='bbox 852 2242 951 2328; x_wconf 86' lang='lat' dir='ltr'><strong>eique</strong></span> <span class='ocrx_word' id='word_1_111' title='bbox 972 2256 1127 2327; x_wconf 88' lang='lat' dir='ltr'><strong>computo</strong></span> <span class='ocrx_word' id='word_1_112' title='bbox 1149 2252 1244 2309; x_wconf 86' lang='lat' dir='ltr'><strong>recte</strong></span> <span class='ocrx_word' id='word_1_113' title='bbox 1266 2242 1359 2311; x_wconf 89' lang='lat' dir='ltr'><strong>facto</strong></span> 
     </span>
     <span class='ocr_line' id='line_1_15' title="bbox 247 2359 1360 2445; baseline 0.004 -18"><span class='ocrx_word' id='word_1_114' title='bbox 247 2382 370 2427; x_wconf 88' lang='lat' dir='ltr'><strong>annum</strong></span> <span class='ocrx_word' id='word_1_115' title='bbox 393 2363 484 2428; x_wconf 86' lang='lat' dir='ltr'><strong>urbis</strong></span> <span class='ocrx_word' id='word_1_116' title='bbox 497 2359 734 2428; x_wconf 81' lang='lat' dir='ltr'><strong>GGGXGVlll.</strong></span> <span class='ocrx_word' id='word_1_117' title='bbox 752 2360 961 2445; x_wconf 81' lang='lat' dir='ltr'><strong>appinxisse.</strong></span> <span class='ocrx_word' id='word_1_118' title='bbox 996 2360 1249 2445; x_wconf 85' lang='lat' dir='ltr'><strong>Correspoudet</strong></span> <span class='ocrx_word' id='word_1_119' title='bbox 1271 2364 1360 2431; x_wconf 87' lang='lat' dir='ltr'><strong>enim</strong></span> 
     </span>
     <span class='ocr_line' id='line_1_16' title="bbox 243 2478 1358 2549; baseline 0.002 -2"><span class='ocrx_word' id='word_1_120' title='bbox 243 2502 353 2547; x_wconf 87' lang='lat' dir='ltr'><strong>annus</strong></span> <span class='ocrx_word' id='word_1_121' title='bbox 375 2481 425 2546; x_wconf 91' lang='lat' dir='ltr'><strong>0l.</strong></span> <span class='ocrx_word' id='word_1_122' title='bbox 441 2481 516 2549; x_wconf 78' lang='lat' dir='ltr'><strong>CV.</strong></span> <span class='ocrx_word' id='word_1_123' title='bbox 531 2481 562 2549; x_wconf 86' lang='grc'><strong>4.</strong></span> <span class='ocrx_word' id='word_1_124' title='bbox 580 2499 668 2545; x_wconf 79' lang='lat' dir='ltr'><strong>cuno</strong></span> <span class='ocrx_word' id='word_1_125' title='bbox 689 2500 718 2545; x_wconf 85' lang='lat' dir='ltr'><strong>a.</strong></span> <span class='ocrx_word' id='word_1_126' title='bbox 731 2500 764 2546; x_wconf 88' lang='lat' dir='ltr'><strong>n.</strong></span> <span class='ocrx_word' id='word_1_127' title='bbox 777 2478 1043 2547; x_wconf 79' lang='lat' dir='ltr'><strong>ccccxcvut</strong></span> <span class='ocrx_word' id='word_1_128' title='bbox 1063 2502 1083 2548; x_wconf 93' lang='lat' dir='ltr'><strong>e</strong></span> <span class='ocrx_word' id='word_1_129' title='bbox 1106 2482 1241 2547; x_wconf 89' lang='lat' dir='ltr'><strong>dimidia</strong></span> <span class='ocrx_word' id='word_1_130' title='bbox 1263 2493 1358 2549; x_wconf 86' lang='lat' dir='ltr'><strong>certe</strong></span> 
     </span>
     <span class='ocr_line' id='line_1_17' title="bbox 243 2597 1362 2687; baseline 0.001 -21"><span class='ocrx_word' id='word_1_131' title='bbox 243 2609 352 2686; x_wconf 87' lang='lat' dir='ltr'><strong>parte.</strong></span> <span class='ocrx_word' id='word_1_132' title='bbox 374 2600 448 2667; x_wconf 88' lang='lat' dir='ltr'><strong>Nos</strong></span> <span class='ocrx_word' id='word_1_133' title='bbox 459 2612 569 2667; x_wconf 89' lang='lat' dir='ltr'><strong>antem</strong></span> <span class='ocrx_word' id='word_1_134' title='bbox 580 2599 705 2685; x_wconf 86' lang='lat' dir='ltr'><strong>spuriis</strong></span> <span class='ocrx_word' id='word_1_135' title='bbox 715 2598 829 2663; x_wconf 86' lang='lat' dir='ltr'><strong>verbis</strong></span> <span class='ocrx_word' id='word_1_136' title='bbox 841 2597 962 2668; x_wconf 87' lang='lat' dir='ltr'><strong>deletis</strong></span> <span class='ocrx_word' id='word_1_137' title='bbox 977 2598 1237 2687; x_wconf 74' lang='lat' dir='ltr'><strong>olympicdeG</strong></span> <span class='ocrx_word' id='word_1_138' title='bbox 1243 2600 1281 2667; x_wconf 86' lang='lat' dir='ltr'><em>V</em></span> <span class='ocrx_word' id='word_1_139' title='bbox 1279 2600 1334 2667; x_wconf 87' lang='lat'><strong>11</strong></span> <span class='ocrx_word' id='word_1_140' title='bbox 1334 2600 1362 2667; x_wconf 83' lang='lat'><em>1</em></span> 
     </span>
     <span class='ocr_line' id='line_1_18' title="bbox 243 2720 445 2789; baseline 0.015 -3"><span class='ocrx_word' id='word_1_141' title='bbox 243 2720 445 2789; x_wconf 80' lang='lat' dir='ltr'><strong>scribemus.</strong></span> 
     </span>
    </p>
   </div>
   <div class='ocr_carea' id='block_1_3' title="bbox 291 2836 1417 3460">
    <p class='ocr_par' dir='ltr' id='par_1_3' title="bbox 291 2836 1417 3460">
     <span class='ocr_line' id='line_1_19' title="bbox 673 2836 1417 2932; baseline 0.001 -21"><span class='ocrx_word' id='word_1_142' title='bbox 673 2836 722 2911; x_wconf 88' lang='grc'><strong>67</strong></span> <span class='ocrx_word' id='word_1_143' title='bbox 736 2870 776 2903; x_wconf 92' lang='lat'>=</span> <span class='ocrx_word' id='word_1_144' title='bbox 790 2836 851 2932; x_wconf 82' lang='lat'><strong>16,</strong></span> <span class='ocrx_word' id='word_1_145' title='bbox 866 2837 929 2912; x_wconf 84' lang='grc'><strong>13.</strong></span> <span class='ocrx_word' id='word_1_146' title='bbox 1415 2924 1417 2929; x_wconf 66' lang='lat'>,</span> 
     </span>
     <span class='ocr_line' id='line_1_20' title="bbox 292 2883 1417 3072; baseline -0.004 -20"><span class='ocrx_word' id='word_1_147' title='bbox 292 2976 362 3052; x_wconf 89' lang='lat' dir='ltr'><strong>Sol</strong></span> <span class='ocrx_word' id='word_1_148' title='bbox 382 2973 519 3050; x_wconf 89' lang='lat' dir='ltr'><strong>deinde</strong></span> <span class='ocrx_word' id='word_1_149' title='bbox 538 2972 659 3048; x_wconf 88' lang='lat' dir='ltr'><strong>medio</strong></span> <span class='ocrx_word' id='word_1_150' title='bbox 681 2974 801 3047; x_wconf 86' lang='lat' dir='ltr'><strong>fertur</strong></span> <span class='ocrx_word' id='word_1_151' title='bbox 822 2971 920 3045; x_wconf 88' lang='lat' dir='ltr'><strong>iuter</strong></span> <span class='ocrx_word' id='word_1_152' title='bbox 937 2971 1168 3072; x_wconf 87' lang='lat' dir='ltr'><strong>duaspartes</strong></span> <span class='ocrx_word' id='word_1_153' title='bbox 1185 2974 1358 3048; x_wconf 86' lang='lat' dir='ltr'><strong>flexuoso</strong></span> <span class='ocrx_word' id='word_1_154' title='bbox 1378 2883 1417 2951; x_wconf 58' lang='lat' dir='ltr'><em>w</em></span> 
     </span>
     <span class='ocr_line' id='line_1_21' title="bbox 296 3080 1359 3211; baseline 0.002 -26"><span class='ocrx_word' id='word_1_155' title='bbox 296 3111 498 3185; x_wconf 80' lang='lat' dir='ltr'><strong>draconum</strong></span> <span class='ocrx_word' id='word_1_156' title='bbox 524 3119 646 3185; x_wconf 88' lang='lat' dir='ltr'><strong>meatu</strong></span> <span class='ocrx_word' id='word_1_157' title='bbox 669 3080 886 3207; x_wconf 83' lang='lat' dir='ltr'><strong>inaequalis,</strong></span> <span class='ocrx_word' id='word_1_158' title='bbox 908 3099 1039 3183; x_wconf 73' lang='lat' dir='ltr'><strong>Martis</strong></span> <span class='ocrx_word' id='word_1_159' title='bbox 1067 3104 1173 3185; x_wconf 91' lang='lat' dir='ltr'><strong>stella</strong></span> <span class='ocrx_word' id='word_1_160' title='bbox 1200 3117 1359 3211; x_wconf 83' lang='lat' dir='ltr'><strong>quatuor</strong></span> 
     </span>
     <span class='ocr_line' id='line_1_22' title="bbox 294 3242 1357 3349; baseline 0.002 -27"><span class='ocrx_word' id='word_1_161' title='bbox 294 3245 486 3335; x_wconf 85' lang='lat' dir='ltr'><strong>medias,</strong></span> <span class='ocrx_word' id='word_1_162' title='bbox 506 3246 607 3323; x_wconf 84' lang='lat' dir='ltr'><strong>Iovis</strong></span> <span class='ocrx_word' id='word_1_163' title='bbox 628 3242 822 3319; x_wconf 87' lang='lat' dir='ltr'><strong>medium</strong></span> <span class='ocrx_word' id='word_1_164' title='bbox 844 3253 883 3319; x_wconf 90' lang='lat' dir='ltr'><strong>et</strong></span> <span class='ocrx_word' id='word_1_165' title='bbox 901 3270 1016 3349; x_wconf 90' lang='lat' dir='ltr'><strong>super</strong></span> <span class='ocrx_word' id='word_1_166' title='bbox 1034 3271 1115 3322; x_wconf 89' lang='lat' dir='ltr'><strong>eam</strong></span> <span class='ocrx_word' id='word_1_167' title='bbox 1139 3246 1271 3343; x_wconf 88' lang='lat' dir='ltr'><strong>duas,</strong></span> <span class='ocrx_word' id='word_1_168' title='bbox 1290 3247 1357 3324; x_wconf 87' lang='lat' dir='ltr'><strong>Sa-</strong></span> 
     </span>
     <span class='ocr_line' id='line_1_23' title="bbox 291 3364 719 3460; baseline 0 -1"><span class='ocrx_word' id='word_1_169' title='bbox 291 3382 393 3459; x_wconf 88' lang='lat' dir='ltr'><strong>turni</strong></span> <span class='ocrx_word' id='word_1_170' title='bbox 420 3383 562 3460; x_wconf 88' lang='lat' dir='ltr'><strong>duabus</strong></span> <span class='ocrx_word' id='word_1_171' title='bbox 587 3391 630 3459; x_wconf 91' lang='lat' dir='ltr'><strong>ut</strong></span> <span class='ocrx_word' id='word_1_172' title='bbox 650 3364 719 3459; x_wconf 87' lang='lat' dir='ltr'><strong>sol.</strong></span> 
     </span>
    </p>
   </div>
   <div class='ocr_carea' id='block_1_4' title="bbox 241 3551 1424 3988">
    <p class='ocr_par' dir='ltr' id='par_1_4' title="bbox 241 3551 1424 3988">
     <span class='ocr_line' id='line_1_24' title="bbox 323 3551 1424 3639; baseline 0.007 -22"><span class='ocrx_word' id='word_1_173' title='bbox 323 3552 393 3617; x_wconf 85' lang='lat' dir='ltr'><strong>Vix</strong></span> <span class='ocrx_word' id='word_1_174' title='bbox 408 3551 551 3617; x_wconf 83' lang='lat' dir='ltr'><strong>ferenda</strong></span> <span class='ocrx_word' id='word_1_175' title='bbox 575 3561 671 3619; x_wconf 87' lang='lat' dir='ltr'><strong>esset</strong></span> <span class='ocrx_word' id='word_1_176' title='bbox 691 3573 830 3621; x_wconf 83' lang='lat' dir='ltr'><strong>casuum</strong></span> <span class='ocrx_word' id='word_1_177' title='bbox 852 3556 1064 3639; x_wconf 86' lang='lat' dir='ltr'><strong>permutatio,</strong></span> <span class='ocrx_word' id='word_1_178' title='bbox 1087 3556 1217 3623; x_wconf 84' lang='lat' dir='ltr'><strong>etiamsi</strong></span> <span class='ocrx_word' id='word_1_179' title='bbox 1238 3576 1356 3625; x_wconf 86' lang='lat' dir='ltr'><strong>omnes</strong></span> <span class='ocrx_word' id='word_1_180' title='bbox 1420 3633 1424 3639; x_wconf 26' lang='lat'><strong><em>¹</em></strong></span> 
     </span>
     <span class='ocr_line' id='line_1_25' title="bbox 242 3671 1365 3761; baseline 0.01 -26"><span class='ocrx_word' id='word_1_181' title='bbox 242 3672 379 3737; x_wconf 90' lang='lat' dir='ltr'><strong>codices</strong></span> <span class='ocrx_word' id='word_1_182' title='bbox 399 3671 434 3737; x_wconf 89' lang='lat' dir='ltr'><strong>in</strong></span> <span class='ocrx_word' id='word_1_183' title='bbox 456 3690 499 3737; x_wconf 87' lang='lat' dir='ltr'><strong>ea</strong></span> <span class='ocrx_word' id='word_1_184' title='bbox 516 3672 753 3739; x_wconf 79' lang='lat' dir='ltr'><strong>consentirent.</strong></span> <span class='ocrx_word' id='word_1_185' title='bbox 796 3674 896 3739; x_wconf 90' lang='lat' dir='ltr'><strong>Nunc</strong></span> <span class='ocrx_word' id='word_1_186' title='bbox 916 3694 1014 3758; x_wconf 87' lang='lat' dir='ltr'><strong>vero,</strong></span> <span class='ocrx_word' id='word_1_187' title='bbox 1036 3694 1135 3761; x_wconf 87' lang='lat' dir='ltr'><strong>quum</strong></span> <span class='ocrx_word' id='word_1_188' title='bbox 1154 3674 1208 3739; x_wconf 85' lang='lat' dir='ltr'><strong>R¹</strong></span> <span class='ocrx_word' id='word_1_189' title='bbox 1223 3674 1365 3757; x_wconf 64' lang='lat' dir='ltr'><strong>›mediia,‚</strong></span> 
     </span>
     <span class='ocr_line' id='line_1_26' title="bbox 241 3787 1359 3887; baseline 0.007 -34"><span class='ocrx_word' id='word_1_190' title='bbox 241 3787 292 3853; x_wconf 79' lang='lat' dir='ltr'><strong>R⁸</strong></span> <span class='ocrx_word' id='word_1_191' title='bbox 309 3788 441 3853; x_wconf 69' lang='lat' dir='ltr'><strong>cuano</strong></span> <span class='ocrx_word' id='word_1_192' title='bbox 463 3788 593 3875; x_wconf 87' lang='lat' dir='ltr'><strong>legant,</strong></span> <span class='ocrx_word' id='word_1_193' title='bbox 623 3790 696 3857; x_wconf 89' lang='lat' dir='ltr'><strong>siue</strong></span> <span class='ocrx_word' id='word_1_194' title='bbox 728 3792 828 3858; x_wconf 86' lang='lat' dir='ltr'><strong>dubio</strong></span> <span class='ocrx_word' id='word_1_195' title='bbox 856 3794 1086 3877; x_wconf 86' lang='lat' dir='ltr'><strong>reponendum</strong></span> <span class='ocrx_word' id='word_1_196' title='bbox 1115 3804 1185 3860; x_wconf 82' lang='lat' dir='ltr'><strong>est:</strong></span> <span class='ocrx_word' id='word_1_197' title='bbox 1215 3802 1359 3887; x_wconf 71' lang='lat' dir='ltr'><strong>quatuor</strong></span> 
     </span>
     <span class='ocr_line' id='line_1_27' title="bbox 245 3907 1002 3988; baseline 0.009 -20"><span class='ocrx_word' id='word_1_198' title='bbox 245 3907 400 3988; x_wconf 77' lang='lat' dir='ltr'><strong>mediis,</strong></span> <span class='ocrx_word' id='word_1_199' title='bbox 421 3907 516 3974; x_wconf 74' lang='lat' dir='ltr'><strong>Iovia</strong></span> <span class='ocrx_word' id='word_1_200' title='bbox 535 3909 663 3973; x_wconf 77' lang='lat' dir='ltr'><strong>media</strong></span> <span class='ocrx_word' id='word_1_201' title='bbox 685 3931 713 3977; x_wconf 82' lang='lat' dir='ltr'><strong>e.</strong></span> <span class='ocrx_word' id='word_1_202' title='bbox 734 3932 760 3977; x_wconf 84' lang='lat' dir='ltr'><strong>a.</strong></span> <span class='ocrx_word' id='word_1_203' title='bbox 781 3933 812 3975; x_wconf 70' lang='lat' dir='ltr'><strong>e·</strong></span> <span class='ocrx_word' id='word_1_204' title='bbox 831 3909 1002 3975; x_wconf 78' lang='lat' dir='ltr'><strong>duabus.</strong></span> 
     </span>
    </p>
   </div>
   <div class='ocr_carea' id='block_1_5' title="bbox 288 4079 1417 4711">
    <p class='ocr_par' dir='ltr' id='par_1_5' title="bbox 288 4079 1417 4711">
     <span class='ocr_line' id='line_1_28' title="bbox 660 4079 929 4176; baseline -0.011 -19"><span class='ocrx_word' id='word_1_205' title='bbox 660 4079 929 4176; x_wconf 45' lang='lat'><strong>:85:21221.</strong></span> 
     </span>
     <span class='ocr_line' id='line_1_29' title="bbox 290 4128 1417 4318; baseline 0.004 -30"><span class='ocrx_word' id='word_1_206' title='bbox 290 4188 474 4290; x_wconf 83' lang='lat' dir='ltr'><strong>Studium</strong></span> <span class='ocrx_word' id='word_1_207' title='bbox 499 4226 647 4293; x_wconf 87' lang='lat' dir='ltr'><strong>centum</strong></span> <span class='ocrx_word' id='word_1_208' title='bbox 690 4215 818 4317; x_wconf 84' lang='lat' dir='ltr'><strong>viginti</strong></span> <span class='ocrx_word' id='word_1_209' title='bbox 850 4216 1013 4318; x_wconf 88' lang='lat' dir='ltr'><strong>quinqua</strong></span> <span class='ocrx_word' id='word_1_210' title='bbox 1054 4223 1203 4291; x_wconf 88' lang='lat' dir='ltr'><strong>nostros</strong></span> <span class='ocrx_word' id='word_1_211' title='bbox 1242 4215 1358 4293; x_wconf 90' lang='lat' dir='ltr'><strong>efficit</strong></span> <span class='ocrx_word' id='word_1_212' title='bbox 1376 4128 1417 4195; x_wconf 69' lang='grc'><strong>13</strong></span> 
     </span>
     <span class='ocr_line' id='line_1_30' title="bbox 288 4350 1358 4455; baseline 0.004 -30"><span class='ocrx_word' id='word_1_213' title='bbox 288 4370 423 4447; x_wconf 83' lang='lat' dir='ltr'><strong>passus</strong></span> <span class='ocrx_word' id='word_1_214' title='bbox 464 4350 574 4455; x_wconf 92' lang='lat' dir='ltr'><strong>[hoc</strong></span> <span class='ocrx_word' id='word_1_215' title='bbox 607 4365 679 4431; x_wconf 86' lang='lat' dir='ltr'><strong>cst</strong></span> <span class='ocrx_word' id='word_1_216' title='bbox 718 4353 863 4453; x_wconf 84' lang='lat' dir='ltr'><strong>pedes</strong></span> <span class='ocrx_word' id='word_1_217' title='bbox 895 4363 1151 4429; x_wconf 87' lang='lat' dir='ltr'><strong>sexcentos</strong></span> <span class='ocrx_word' id='word_1_218' title='bbox 1189 4352 1358 4454; x_wconf 81' lang='lat' dir='ltr'><strong>viginti</strong></span> 
     </span>
     <span class='ocr_line' id='line_1_31' title="bbox 288 4484 536 4592; baseline 0.016 -32"><span class='ocrx_word' id='word_1_219' title='bbox 288 4484 536 4592; x_wconf 65' lang='lat' dir='ltr'><strong>quinqua}</strong></span> 
     </span>
     <span class='ocr_line' id='line_1_32' title="bbox 319 4620 1356 4711; baseline 0.002 -24"><span class='ocrx_word' id='word_1_220' title='bbox 319 4620 430 4691; x_wconf 85' lang='lat' dir='ltr'><strong>Recte</strong></span> <span class='ocrx_word' id='word_1_221' title='bbox 456 4623 591 4711; x_wconf 81' lang='lat' dir='ltr'><strong>quidem</strong></span> <span class='ocrx_word' id='word_1_222' title='bbox 615 4624 715 4694; x_wconf 78' lang='lat' dir='ltr'><strong>stadii</strong></span> <span class='ocrx_word' id='word_1_223' title='bbox 742 4634 776 4691; x_wconf 93' lang='lat' dir='ltr'><strong>et</strong></span> <span class='ocrx_word' id='word_1_224' title='bbox 801 4644 962 4711; x_wconf 84' lang='lat' dir='ltr'><strong>passuum</strong></span> <span class='ocrx_word' id='word_1_225' title='bbox 985 4642 1143 4691; x_wconf 82' lang='lat' dir='ltr'><strong>mensura</strong></span> <span class='ocrx_word' id='word_1_226' title='bbox 1173 4624 1218 4689; x_wconf 83' lang='lat' dir='ltr'><strong>ed</strong></span> <span class='ocrx_word' id='word_1_227' title='bbox 1248 4622 1356 4707; x_wconf 84' lang='lat' dir='ltr'><strong>podes</strong></span> 
     </span>
    </p>
   </div>
   <div class='ocr_carea' id='block_1_6' title="bbox 0 0 1788 5559">
    <p class='ocr_par' dir='ltr' id='par_1_6' title="bbox 0 0 1788 5559">
     <span class='ocr_line' id='line_1_33' title="bbox 0 0 1788 5559; baseline 0 2"><span class='ocrx_word' id='word_1_228' title='bbox 0 0 1788 5559; x_wconf 95' lang='lat' dir='ltr'><strong> </strong></span> 
     </span>
    </p>
   </div>
  </div>
 </body>
</html>
