<?xml version="1.0" encoding="UTF-8"?>
<!DOCTYPE html PUBLIC "-//W3C//DTD XHTML 1.0 Transitional//EN"
    "http://www.w3.org/TR/xhtml1/DTD/xhtml1-transitional.dtd">
<html xmlns="http://www.w3.org/1999/xhtml" xml:lang="en" lang="en">
 <head>
  <title>
</title>
<meta http-equiv="Content-Type" content="text/html;charset=utf-8" />
  <meta name='ocr-system' content='tesseract 3.04.00' />
  <meta name='ocr-capabilities' content='ocr_page ocr_carea ocr_par ocr_line ocrx_word'/>
</head>
<body>
  <div class='ocr_page' id='page_1' title='image "./vindiciaeplinia00urligoog_0200.png"; bbox 0 0 3567 5559; ppageno 0'>
   <div class='ocr_carea' id='block_1_1' title="bbox 450 527 1228 620">
    <p class='ocr_par' dir='ltr' id='par_1_1' title="bbox 450 527 1228 620">
     <span class='ocr_line' id='line_1_1' title="bbox 450 527 1228 620; baseline 0 -24"><span class='ocrx_word' id='word_1_1' title='bbox 450 531 512 596; x_wconf 77' lang='lat' dir='ltr'><strong>m</strong></span> <span class='ocrx_word' id='word_1_2' title='bbox 771 531 938 598; x_wconf 69' lang='lat' dir='ltr'><strong>Audendo</strong></span> <span class='ocrx_word' id='word_1_3' title='bbox 960 541 993 598; x_wconf 82' lang='lat' dir='ltr'><strong>ei</strong></span> <span class='ocrx_word' id='word_1_4' title='bbox 1014 527 1228 620; x_wconf 42' lang='lat' dir='ltr'><strong>commentia.</strong></span> 
     </span>
    </p>
   </div>
   <div class='ocr_carea' id='block_1_2' title="bbox 433 711 1561 3884">
    <p class='ocr_par' dir='ltr' id='par_1_2' title="bbox 438 711 1561 2818">
     <span class='ocr_line' id='line_1_2' title="bbox 447 711 1558 808; baseline 0.001 -25"><span class='ocrx_word' id='word_1_5' title='bbox 447 717 634 798; x_wconf 57' lang='lat' dir='ltr'><strong>Mamaea</strong></span> <span class='ocrx_word' id='word_1_6' title='bbox 662 716 721 808; x_wconf 70' lang='lat' dir='ltr'><strong>aira</strong></span> <span class='ocrx_word' id='word_1_7' title='bbox 744 718 930 806; x_wconf 73' lang='grc' dir='ltr'><strong><em>ἀνοίγοντες</em></strong></span> <span class='ocrx_word' id='word_1_8' title='bbox 955 711 1117 803; x_wconf 53' lang='lat' dir='ltr'><strong>holcoma</strong></span> <span class='ocrx_word' id='word_1_9' title='bbox 1139 716 1173 784; x_wconf 79' lang='lat' dir='ltr'><strong>rh</strong></span> <span class='ocrx_word' id='word_1_10' title='bbox 1195 717 1310 789; x_wconf 80' lang='grc' dir='ltr'><strong><em>πεδίον,</em></strong></span> <span class='ocrx_word' id='word_1_11' title='bbox 1354 719 1424 784; x_wconf 83' lang='lat' dir='ltr'><strong>Ubi</strong></span> <span class='ocrx_word' id='word_1_12' title='bbox 1445 717 1558 804; x_wconf 71' lang='lat' dir='ltr'><strong>’Appia</strong></span> 
     </span>
     <span class='ocr_line' id='line_1_3' title="bbox 446 836 1558 930; baseline -0.003 -28"><span class='ocrx_word' id='word_1_13' title='bbox 446 836 552 918; x_wconf 70' lang='lat' dir='ltr'><strong>raihna</strong></span> <span class='ocrx_word' id='word_1_14' title='bbox 584 836 834 930; x_wconf 83' lang='lat' dir='ltr'><strong>eodemmodo</strong></span> <span class='ocrx_word' id='word_1_15' title='bbox 865 837 898 901; x_wconf 90' lang='lat' dir='ltr'><strong>in</strong></span> <span class='ocrx_word' id='word_1_16' title='bbox 929 838 1129 923; x_wconf 77' lang='grc' dir='ltr'><em>Ναρμάλκην</em></span> <span class='ocrx_word' id='word_1_17' title='bbox 1163 837 1352 903; x_wconf 87' lang='lat' dir='ltr'><strong>mutandum</strong></span> <span class='ocrx_word' id='word_1_18' title='bbox 1387 857 1473 901; x_wconf 89' lang='lat' dir='ltr'><strong>esse</strong></span> <span class='ocrx_word' id='word_1_19' title='bbox 1503 856 1558 920; x_wconf 90' lang='lat' dir='ltr'><strong>ap·</strong></span> 
     </span>
     <span class='ocr_line' id='line_1_4' title="bbox 448 953 1561 1041; baseline -0.003 -22"><span class='ocrx_word' id='word_1_20' title='bbox 448 965 555 1039; x_wconf 88' lang='lat' dir='ltr'><strong>paret,</strong></span> <span class='ocrx_word' id='word_1_21' title='bbox 576 975 641 1041; x_wconf 88' lang='lat' dir='ltr'><strong>qno</strong></span> <span class='ocrx_word' id='word_1_22' title='bbox 663 955 753 1038; x_wconf 86' lang='lat' dir='ltr'><strong>apud</strong></span> <span class='ocrx_word' id='word_1_23' title='bbox 768 953 904 1018; x_wconf 81' lang='lat' dir='ltr'><strong>Plinium</strong></span> <span class='ocrx_word' id='word_1_24' title='bbox 920 954 950 1040; x_wconf 83' lang='lat'><strong>§.</strong></span> <span class='ocrx_word' id='word_1_25' title='bbox 964 954 1031 1020; x_wconf 77' lang='lat'>120.</span> <span class='ocrx_word' id='word_1_26' title='bbox 1053 975 1074 1018; x_wconf 96' lang='lat' dir='ltr'><strong>e</strong></span> <span class='ocrx_word' id='word_1_27' title='bbox 1096 956 1194 1022; x_wconf 88' lang='lat' dir='ltr'><strong>codd.</strong></span> <span class='ocrx_word' id='word_1_28' title='bbox 1216 955 1299 1036; x_wconf 75' lang='lat' dir='ltr'><strong>Mas.</strong></span> <span class='ocrx_word' id='word_1_29' title='bbox 1320 954 1561 1021; x_wconf 85' lang='lat' dir='ltr'><strong>Narmalchaa</strong></span> 
     </span>
     <span class='ocr_line' id='line_1_5' title="bbox 447 1071 1560 1149; baseline 0 -11"><span class='ocrx_word' id='word_1_30' title='bbox 447 1084 609 1138; x_wconf 83' lang='lat' dir='ltr'><strong>evetere</strong></span> <span class='ocrx_word' id='word_1_31' title='bbox 635 1071 778 1138; x_wconf 84' lang='lat' dir='ltr'><strong>lectione</strong></span> <span class='ocrx_word' id='word_1_32' title='bbox 807 1073 1009 1138; x_wconf 78' lang='lat' dir='ltr'><strong>Annalehar</strong></span> <span class='ocrx_word' id='word_1_33' title='bbox 1033 1075 1188 1140; x_wconf 81' lang='lat' dir='ltr'><strong>effectum</strong></span> <span class='ocrx_word' id='word_1_34' title='bbox 1216 1088 1278 1140; x_wconf 86' lang='lat' dir='ltr'><strong>est.</strong></span> <span class='ocrx_word' id='word_1_35' title='bbox 1336 1075 1453 1149; x_wconf 85' lang='lat' dir='ltr'>Quem</span> <span class='ocrx_word' id='word_1_36' title='bbox 1481 1095 1560 1139; x_wconf 88' lang='lat' dir='ltr'><strong>vero</strong></span> 
     </span>
     <span class='ocr_line' id='line_1_6' title="bbox 444 1190 1560 1277; baseline 0.001 -21"><span class='ocrx_word' id='word_1_37' title='bbox 444 1191 630 1276; x_wconf 81' lang='lat' dir='ltr'>Abydenus</span> <span class='ocrx_word' id='word_1_38' title='bbox 648 1190 853 1275; x_wconf 78' lang='grc' dir='ltr'><strong><em>Ἀκράκανον</em></strong></span> <span class='ocrx_word' id='word_1_39' title='bbox 874 1191 1037 1276; x_wconf 88' lang='lat' dir='ltr'><strong>appellat,</strong></span> <span class='ocrx_word' id='word_1_40' title='bbox 1061 1195 1168 1276; x_wconf 83' lang='lat' dir='ltr'><strong>ipsam</strong></span> <span class='ocrx_word' id='word_1_41' title='bbox 1192 1193 1377 1277; x_wconf 76' lang='lat' dir='ltr'><strong>Narragam</strong></span> <span class='ocrx_word' id='word_1_42' title='bbox 1400 1214 1491 1257; x_wconf 86' lang='lat' dir='ltr'><strong>asse</strong></span> <span class='ocrx_word' id='word_1_43' title='bbox 1513 1213 1560 1257; x_wconf 86' lang='lat' dir='ltr'><strong>ar·</strong></span> 
     </span>
     <span class='ocr_line' id='line_1_7' title="bbox 446 1309 1560 1398; baseline 0.002 -23"><span class='ocrx_word' id='word_1_44' title='bbox 446 1311 551 1375; x_wconf 84' lang='lat' dir='ltr'><strong>hitror</strong></span> <span class='ocrx_word' id='word_1_45' title='bbox 578 1311 717 1396; x_wconf 78' lang='lat' dir='ltr'><strong>eiusque</strong></span> <span class='ocrx_word' id='word_1_46' title='bbox 746 1332 864 1375; x_wconf 88' lang='lat' dir='ltr'><strong>nomen</strong></span> <span class='ocrx_word' id='word_1_47' title='bbox 891 1309 1110 1398; x_wconf 74' lang='grc' dir='ltr'>Ναῤῥάκανον</span> <span class='ocrx_word' id='word_1_48' title='bbox 1135 1314 1208 1377; x_wconf 87' lang='lat' dir='ltr'><strong>sive</strong></span> <span class='ocrx_word' id='word_1_49' title='bbox 1240 1313 1350 1397; x_wconf 88' lang='lat' dir='ltr'><strong>potius</strong></span> <span class='ocrx_word' id='word_1_50' title='bbox 1379 1310 1560 1397; x_wconf 74' lang='grc' dir='ltr'><strong>Νάῤῥακον</strong></span> 
     </span>
     <span class='ocr_line' id='line_1_8' title="bbox 444 1428 1560 1514; baseline -0.003 -19"><span class='ocrx_word' id='word_1_51' title='bbox 444 1429 656 1495; x_wconf 82' lang='lat' dir='ltr'><strong>scribendum</strong></span> <span class='ocrx_word' id='word_1_52' title='bbox 676 1449 764 1496; x_wconf 83' lang='lat' dir='ltr'><strong>esse.</strong></span> <span class='ocrx_word' id='word_1_53' title='bbox 815 1430 962 1514; x_wconf 79' lang='lat' dir='ltr'><strong>Sippara</strong></span> <span class='ocrx_word' id='word_1_54' title='bbox 983 1430 1082 1514; x_wconf 83' lang='lat' dir='ltr'><strong>igitar</strong></span> <span class='ocrx_word' id='word_1_55' title='bbox 1102 1431 1147 1493; x_wconf 86' lang='lat' dir='ltr'><strong>ad</strong></span> <span class='ocrx_word' id='word_1_56' title='bbox 1168 1428 1348 1513; x_wconf 76' lang='lat' dir='ltr'><strong>Euphratis</strong></span> <span class='ocrx_word' id='word_1_57' title='bbox 1372 1442 1407 1492; x_wconf 91' lang='lat' dir='ltr'><strong>et</strong></span> <span class='ocrx_word' id='word_1_58' title='bbox 1429 1429 1560 1494; x_wconf 86' lang='lat' dir='ltr'><strong>Narra·</strong></span> 
     </span>
     <span class='ocr_line' id='line_1_9' title="bbox 443 1546 1560 1646; baseline 0 -35"><span class='ocrx_word' id='word_1_59' title='bbox 443 1567 508 1633; x_wconf 83' lang='lat' dir='ltr'><strong>gae</strong></span> <span class='ocrx_word' id='word_1_60' title='bbox 530 1546 754 1612; x_wconf 85' lang='lat' dir='ltr'><strong>confluentem</strong></span> <span class='ocrx_word' id='word_1_61' title='bbox 777 1546 842 1611; x_wconf 81' lang='lat' dir='ltr'><strong>sita</strong></span> <span class='ocrx_word' id='word_1_62' title='bbox 855 1567 924 1612; x_wconf 92' lang='lat' dir='ltr'><strong>non</strong></span> <span class='ocrx_word' id='word_1_63' title='bbox 944 1568 965 1611; x_wconf 89' lang='lat' dir='ltr'><strong>a</strong></span> <span class='ocrx_word' id='word_1_64' title='bbox 983 1546 1115 1612; x_wconf 89' lang='lat' dir='ltr'><strong>llumine</strong></span> <span class='ocrx_word' id='word_1_65' title='bbox 1138 1547 1199 1611; x_wconf 85' lang='lat' dir='ltr'><strong>sed</strong></span> <span class='ocrx_word' id='word_1_66' title='bbox 1221 1547 1358 1646; x_wconf 56' lang='lat' dir='ltr'><strong>alitore</strong></span> <span class='ocrx_word' id='word_1_67' title='bbox 1381 1548 1560 1632; x_wconf 86' lang='lat' dir='ltr'><strong>appellata</strong></span> 
     </span>
     <span class='ocr_line' id='line_1_10' title="bbox 443 1663 1558 1751; baseline 0 -19"><span class='ocrx_word' id='word_1_68' title='bbox 443 1677 528 1732; x_wconf 79' lang='lat' dir='ltr'><strong>sunt</strong></span> <span class='ocrx_word' id='word_1_69' title='bbox 571 1665 656 1730; x_wconf 87' lang='lat' dir='ltr'><strong>Nam</strong></span> <span class='ocrx_word' id='word_1_70' title='bbox 677 1663 835 1744; x_wconf 81' lang='lat' dir='ltr'><strong>„Sefar“</strong></span> <span class='ocrx_word' id='word_1_71' title='bbox 857 1663 1042 1729; x_wconf 85' lang='lat' dir='ltr'><strong>Chaldaica</strong></span> <span class='ocrx_word' id='word_1_72' title='bbox 1063 1663 1195 1749; x_wconf 89' lang='lat' dir='ltr'><strong>„litus“</strong></span> <span class='ocrx_word' id='word_1_73' title='bbox 1216 1663 1392 1748; x_wconf 75' lang='lat' dir='ltr'><strong>significat</strong></span> <span class='ocrx_word' id='word_1_74' title='bbox 1440 1665 1558 1751; x_wconf 88' lang='lat' dir='ltr'><strong>ltaque</strong></span> 
     </span>
     <span class='ocr_line' id='line_1_11' title="bbox 442 1780 1559 1868; baseline 0 -20"><span class='ocrx_word' id='word_1_75' title='bbox 442 1783 505 1849; x_wconf 88' lang='lat' dir='ltr'><strong>nisi</strong></span> <span class='ocrx_word' id='word_1_76' title='bbox 531 1785 648 1848; x_wconf 89' lang='lat' dir='ltr'><strong>orbem</strong></span> <span class='ocrx_word' id='word_1_77' title='bbox 668 1782 835 1868; x_wconf 76' lang='lat' dir='ltr'><strong>qrrantlam</strong></span> <span class='ocrx_word' id='word_1_78' title='bbox 857 1780 982 1846; x_wconf 84' lang='lat' dir='ltr'><strong>flumini</strong></span> <span class='ocrx_word' id='word_1_79' title='bbox 1005 1782 1236 1865; x_wconf 78' lang='lat' dir='ltr'><strong>cognominem</strong></span> <span class='ocrx_word' id='word_1_80' title='bbox 1257 1783 1392 1848; x_wconf 81' lang='lat' dir='ltr'><strong>reticeri</strong></span> <span class='ocrx_word' id='word_1_81' title='bbox 1413 1799 1559 1867; x_wconf 87' lang='lat' dir='ltr'><strong>putave-</strong></span> 
     </span>
     <span class='ocr_line' id='line_1_12' title="bbox 443 1899 1558 1989; baseline 0 -22"><span class='ocrx_word' id='word_1_82' title='bbox 443 1903 501 1981; x_wconf 88' lang='lat' dir='ltr'><strong>ris,</strong></span> <span class='ocrx_word' id='word_1_83' title='bbox 524 1903 613 1989; x_wconf 88' lang='lat' dir='ltr'><strong>quod</strong></span> <span class='ocrx_word' id='word_1_84' title='bbox 634 1903 690 1966; x_wconf 86' lang='lat' dir='ltr'><strong>vix</strong></span> <span class='ocrx_word' id='word_1_85' title='bbox 704 1899 877 1986; x_wconf 85' lang='lat' dir='ltr'><strong>probabile</strong></span> <span class='ocrx_word' id='word_1_86' title='bbox 888 1902 1030 1981; x_wconf 85' lang='lat' dir='ltr'><strong>videtur,</strong></span> <span class='ocrx_word' id='word_1_87' title='bbox 1052 1921 1120 1967; x_wconf 92' lang='lat' dir='ltr'><strong>non</strong></span> <span class='ocrx_word' id='word_1_88' title='bbox 1140 1903 1182 1964; x_wconf 86' lang='lat' dir='ltr'><strong>ad</strong></span> <span class='ocrx_word' id='word_1_89' title='bbox 1203 1903 1311 1986; x_wconf 89' lang='lat' dir='ltr'><strong>ipsum</strong></span> <span class='ocrx_word' id='word_1_90' title='bbox 1334 1922 1474 1968; x_wconf 88' lang='lat' dir='ltr'><strong>amnem</strong></span> <span class='ocrx_word' id='word_1_91' title='bbox 1498 1905 1558 1969; x_wconf 85' lang='lat' dir='ltr'><strong>sed</strong></span> 
     </span>
     <span class='ocr_line' id='line_1_13' title="bbox 442 2019 1557 2100; baseline -0.001 -14"><span class='ocrx_word' id='word_1_92' title='bbox 442 2023 486 2086; x_wconf 84' lang='lat' dir='ltr'><strong>ad</strong></span> <span class='ocrx_word' id='word_1_93' title='bbox 509 2023 616 2089; x_wconf 92' lang='lat' dir='ltr'><strong>amnis</strong></span> <span class='ocrx_word' id='word_1_94' title='bbox 638 2023 792 2087; x_wconf 86' lang='lat' dir='ltr'><strong>viciniam</strong></span> <span class='ocrx_word' id='word_1_95' title='bbox 811 2022 917 2087; x_wconf 86' lang='lat' dir='ltr'><strong>verba</strong></span> <span class='ocrx_word' id='word_1_96' title='bbox 938 2023 1049 2100; x_wconf 87' lang='lat' dir='ltr'><strong>„unde</strong></span> <span class='ocrx_word' id='word_1_97' title='bbox 1066 2021 1191 2086; x_wconf 89' lang='lat' dir='ltr'><strong>civitati</strong></span> <span class='ocrx_word' id='word_1_98' title='bbox 1203 2029 1347 2087; x_wconf 86' lang='lat' dir='ltr'><strong>nomen“</strong></span> <span class='ocrx_word' id='word_1_99' title='bbox 1367 2019 1557 2087; x_wconf 84' lang='lat' dir='ltr'><strong>reserenda</strong></span> 
     </span>
     <span class='ocr_line' id='line_1_14' title="bbox 442 2140 1556 2225; baseline 0.001 -20"><span class='ocrx_word' id='word_1_100' title='bbox 442 2152 549 2205; x_wconf 83' lang='lat' dir='ltr'><strong>erunt.</strong></span> <span class='ocrx_word' id='word_1_101' title='bbox 597 2140 727 2206; x_wconf 85' lang='lat' dir='ltr'><strong>Deinde</strong></span> <span class='ocrx_word' id='word_1_102' title='bbox 755 2163 855 2206; x_wconf 89' lang='lat' dir='ltr'><strong>unum</strong></span> <span class='ocrx_word' id='word_1_103' title='bbox 878 2163 897 2206; x_wconf 89' lang='lat' dir='ltr'><strong>e</strong></span> <span class='ocrx_word' id='word_1_104' title='bbox 920 2142 1049 2207; x_wconf 84' lang='lat' dir='ltr'><strong>(luobus</strong></span> <span class='ocrx_word' id='word_1_105' title='bbox 1076 2144 1133 2225; x_wconf 87' lang='lat' dir='ltr'><strong>qui</strong></span> <span class='ocrx_word' id='word_1_106' title='bbox 1152 2141 1183 2206; x_wconf 90' lang='lat' dir='ltr'><strong>h.</strong></span> <span class='ocrx_word' id='word_1_107' title='bbox 1197 2141 1221 2204; x_wconf 86' lang='lat' dir='ltr'><strong>l.</strong></span> <span class='ocrx_word' id='word_1_108' title='bbox 1245 2154 1556 2207; x_wconf 88' lang='lat' dir='ltr'><strong>commemorantur</strong></span> 
     </span>
     <span class='ocr_line' id='line_1_15' title="bbox 440 2257 1554 2344; baseline 0.004 -22"><span class='ocrx_word' id='word_1_109' title='bbox 440 2258 552 2322; x_wconf 82' lang='lat' dir='ltr'><strong>llaviie</strong></span> <span class='ocrx_word' id='word_1_110' title='bbox 567 2257 771 2342; x_wconf 82' lang='lat' dir='ltr'><strong>Euphratem</strong></span> <span class='ocrx_word' id='word_1_111' title='bbox 793 2278 873 2322; x_wconf 88' lang='lat' dir='ltr'><strong>esse</strong></span> <span class='ocrx_word' id='word_1_112' title='bbox 889 2267 1043 2342; x_wconf 86' lang='lat' dir='ltr'><strong>apparet.</strong></span> <span class='ocrx_word' id='word_1_113' title='bbox 1092 2259 1262 2332; x_wconf 80' lang='lat' dir='ltr'><strong>Quocirca</strong></span> <span class='ocrx_word' id='word_1_114' title='bbox 1281 2259 1394 2344; x_wconf 89' lang='lat' dir='ltr'><strong>priore</strong></span> <span class='ocrx_word' id='word_1_115' title='bbox 1413 2262 1554 2326; x_wconf 86' lang='lat' dir='ltr'><strong>nomine</strong></span> 
     </span>
     <span class='ocr_line' id='line_1_16' title="bbox 440 2374 1553 2471; baseline 0.004 -33"><span class='ocrx_word' id='word_1_116' title='bbox 440 2374 552 2439; x_wconf 83' lang='lat' dir='ltr'><strong>deleto</strong></span> <span class='ocrx_word' id='word_1_117' title='bbox 574 2375 620 2439; x_wconf 86' lang='lat' dir='ltr'><strong>ita</strong></span> <span class='ocrx_word' id='word_1_118' title='bbox 642 2375 782 2439; x_wconf 87' lang='lat' dir='ltr'><strong>Plinium</strong></span> <span class='ocrx_word' id='word_1_119' title='bbox 804 2375 953 2442; x_wconf 81' lang='lat' dir='ltr'><strong>fortasse</strong></span> <span class='ocrx_word' id='word_1_120' title='bbox 976 2378 1157 2462; x_wconf 85' lang='lat' dir='ltr'><strong>scripsisse</strong></span> <span class='ocrx_word' id='word_1_121' title='bbox 1179 2378 1349 2442; x_wconf 83' lang='lat' dir='ltr'><strong>existimo:</strong></span> <span class='ocrx_word' id='word_1_122' title='bbox 1370 2379 1472 2442; x_wconf 81' lang='lat' dir='ltr'><strong>iaxta</strong></span> <span class='ocrx_word' id='word_1_123' title='bbox 1490 2377 1553 2471; x_wconf 78' lang='lat' dir='ltr'><strong>fla.</strong></span> 
     </span>
     <span class='ocr_line' id='line_1_17' title="bbox 438 2494 1552 2590; baseline 0.004 -32"><span class='ocrx_word' id='word_1_124' title='bbox 438 2497 528 2558; x_wconf 65' lang='lat' dir='ltr'><strong>mum</strong></span> <span class='ocrx_word' id='word_1_125' title='bbox 551 2495 610 2590; x_wconf 80' lang='lat' dir='ltr'><strong>pai</strong></span> <span class='ocrx_word' id='word_1_126' title='bbox 626 2494 717 2558; x_wconf 79' lang='lat' dir='ltr'><strong>cadit</strong></span> <span class='ocrx_word' id='word_1_127' title='bbox 736 2495 772 2558; x_wconf 83' lang='lat' dir='ltr'><strong>iu</strong></span> <span class='ocrx_word' id='word_1_128' title='bbox 792 2495 1000 2584; x_wconf 74' lang='lat' dir='ltr'><strong>Narrapum,</strong></span> <span class='ocrx_word' id='word_1_129' title='bbox 1021 2496 1113 2560; x_wconf 80' lang='lat' dir='ltr'><strong>unde</strong></span> <span class='ocrx_word' id='word_1_130' title='bbox 1133 2497 1258 2561; x_wconf 77' lang='lat' dir='ltr'><strong>ciuitati</strong></span> <span class='ocrx_word' id='word_1_131' title='bbox 1279 2519 1405 2562; x_wconf 77' lang='lat' dir='ltr'><strong>nomen.</strong></span> <span class='ocrx_word' id='word_1_132' title='bbox 1453 2497 1552 2564; x_wconf 83' lang='lat' dir='ltr'><strong>Cote-</strong></span> 
     </span>
     <span class='ocr_line' id='line_1_18' title="bbox 439 2613 1550 2702; baseline 0.003 -23"><span class='ocrx_word' id='word_1_133' title='bbox 439 2636 511 2679; x_wconf 90' lang='lat' dir='ltr'><strong>rum</strong></span> <span class='ocrx_word' id='word_1_134' title='bbox 532 2635 567 2699; x_wconf 88' lang='lat' dir='ltr'><strong>p.</strong></span> <span class='ocrx_word' id='word_1_135' title='bbox 589 2613 657 2679; x_wconf 72' lang='lat' dir='ltr'><strong>luz.</strong></span> <span class='ocrx_word' id='word_1_136' title='bbox 680 2614 779 2682; x_wconf 62' lang='lat' dir='ltr'><strong>aaa.</strong></span> <span class='ocrx_word' id='word_1_137' title='bbox 801 2635 864 2701; x_wconf 89' lang='lat' dir='ltr'><strong>pro</strong></span> <span class='ocrx_word' id='word_1_138' title='bbox 886 2613 940 2682; x_wconf 66' lang='lat' dir='ltr'><strong>lli.</strong></span> <span class='ocrx_word' id='word_1_139' title='bbox 967 2615 986 2680; x_wconf 94' lang='lat' dir='ltr'><strong>l.</strong></span> <span class='ocrx_word' id='word_1_140' title='bbox 1008 2614 1059 2683; x_wconf 70' lang='lat'><strong>90.</strong></span> <span class='ocrx_word' id='word_1_141' title='bbox 1084 2626 1116 2680; x_wconf 89' lang='lat' dir='ltr'><strong>et</strong></span> <span class='ocrx_word' id='word_1_142' title='bbox 1138 2639 1170 2702; x_wconf 91' lang='lat' dir='ltr'><strong>p.</strong></span> <span class='ocrx_word' id='word_1_143' title='bbox 1185 2614 1254 2682; x_wconf 83' lang='lat'><strong>106.</strong></span> <span class='ocrx_word' id='word_1_144' title='bbox 1275 2637 1309 2681; x_wconf 89' lang='lat' dir='ltr'><strong>v.</strong></span> <span class='ocrx_word' id='word_1_145' title='bbox 1326 2615 1372 2685; x_wconf 82' lang='lat'><strong>16.</strong></span> <span class='ocrx_word' id='word_1_146' title='bbox 1396 2617 1550 2702; x_wconf 75' lang='lat' dir='ltr'><strong>praeclar·</strong></span> 
     </span>
     <span class='ocr_line' id='line_1_19' title="bbox 438 2732 812 2818; baseline 0.005 -22"><span class='ocrx_word' id='word_1_147' title='bbox 438 2755 511 2796; x_wconf 80' lang='lat' dir='ltr'><strong>aere</strong></span> <span class='ocrx_word' id='word_1_148' title='bbox 529 2753 593 2817; x_wconf 91' lang='lat' dir='ltr'><strong>pro</strong></span> <span class='ocrx_word' id='word_1_149' title='bbox 612 2732 812 2818; x_wconf 74' lang='lat' dir='ltr'><strong>praeclusae.</strong></span> 
     </span>
    </p>

    <p class='ocr_par' dir='ltr' id='par_1_3' title="bbox 433 2851 1619 3892">
     <span class='ocr_line' id='line_1_20' title="bbox 524 2851 1550 2937; baseline 0.003 -21"><span class='ocrx_word' id='word_1_150' title='bbox 524 2851 644 2920; x_wconf 84' lang='grc' dir='ltr'><strong>Ρ.114,</strong></span> <span class='ocrx_word' id='word_1_151' title='bbox 664 2873 739 2937; x_wconf 77' lang='lat' dir='ltr'><strong>sqq.</strong></span> <span class='ocrx_word' id='word_1_152' title='bbox 777 2851 830 2916; x_wconf 88' lang='lat' dir='ltr'><strong>De</strong></span> <span class='ocrx_word' id='word_1_153' title='bbox 851 2851 1038 2916; x_wconf 90' lang='lat' dir='ltr'><strong>nominibus</strong></span> <span class='ocrx_word' id='word_1_154' title='bbox 1059 2851 1214 2917; x_wconf 86' lang='lat' dir='ltr'><strong>Arabicis</strong></span> <span class='ocrx_word' id='word_1_155' title='bbox 1235 2871 1322 2937; x_wconf 86' lang='lat' dir='ltr'><strong>quae</strong></span> <span class='ocrx_word' id='word_1_156' title='bbox 1347 2851 1400 2918; x_wconf 75' lang='lat' dir='ltr'><strong>vt</strong></span> <span class='ocrx_word' id='word_1_157' title='bbox 1418 2852 1495 2918; x_wconf 79' lang='lat'>158.</span> <span class='ocrx_word' id='word_1_158' title='bbox 1516 2866 1550 2919; x_wconf 89' lang='lat' dir='ltr'><strong>et</strong></span> 
     </span>
     <span class='ocr_line' id='line_1_21' title="bbox 439 2969 1546 3054; baseline 0.001 -20"><span class='ocrx_word' id='word_1_159' title='bbox 439 2970 509 3036; x_wconf 80' lang='lat'><strong>159.</strong></span> <span class='ocrx_word' id='word_1_160' title='bbox 531 2991 553 3034; x_wconf 89' lang='lat' dir='ltr'><strong>a</strong></span> <span class='ocrx_word' id='word_1_161' title='bbox 573 2969 677 3034; x_wconf 85' lang='lat' dir='ltr'><strong>Plinio</strong></span> <span class='ocrx_word' id='word_1_162' title='bbox 700 2969 928 3053; x_wconf 84' lang='lat' dir='ltr'><strong>explicantur,</strong></span> <span class='ocrx_word' id='word_1_163' title='bbox 956 2969 1043 3034; x_wconf 84' lang='lat' dir='ltr'><strong>haec</strong></span> <span class='ocrx_word' id='word_1_164' title='bbox 1065 2971 1238 3053; x_wconf 84' lang='lat' dir='ltr'><strong>respondit</strong></span> <span class='ocrx_word' id='word_1_165' title='bbox 1258 2969 1546 3054; x_wconf 83' lang='lat' dir='ltr'><strong>Kosegartenias:</strong></span> 
     </span>
     <span class='ocr_line' id='line_1_22' title="bbox 437 3085 1548 3182; baseline 0.002 -29"><span class='ocrx_word' id='word_1_166' title='bbox 437 3087 634 3175; x_wconf 73' lang='lat' dir='ltr'><strong>Riphearina</strong></span> <span class='ocrx_word' id='word_1_167' title='bbox 657 3089 819 3175; x_wconf 82' lang='lat' dir='ltr'><strong>oppidum,</strong></span> <span class='ocrx_word' id='word_1_168' title='bbox 844 3110 908 3182; x_wconf 77' lang='lat' dir='ltr'><strong>prta</strong></span> <span class='ocrx_word' id='word_1_169' title='bbox 929 3085 1081 3150; x_wconf 80' lang='lat' dir='ltr'><strong>vocabalo</strong></span> <span class='ocrx_word' id='word_1_170' title='bbox 1102 3085 1260 3150; x_wconf 77' lang='lat' dir='ltr'><strong>hordeum</strong></span> <span class='ocrx_word' id='word_1_171' title='bbox 1281 3087 1457 3173; x_wconf 78' lang='lat' dir='ltr'><strong>appellaui.</strong></span> <span class='ocrx_word' id='word_1_172' title='bbox 1491 3091 1548 3155; x_wconf 89' lang='lat' dir='ltr'><strong>Ni-</strong></span> 
     </span>
     <span class='ocr_line' id='line_1_23' title="bbox 435 3206 1544 3291; baseline 0 -21"><span class='ocrx_word' id='word_1_173' title='bbox 435 3207 481 3271; x_wconf 94' lang='lat' dir='ltr'><strong>hil</strong></span> <span class='ocrx_word' id='word_1_174' title='bbox 500 3208 532 3271; x_wconf 90' lang='lat' dir='ltr'><strong>ia</strong></span> <span class='ocrx_word' id='word_1_175' title='bbox 556 3220 688 3291; x_wconf 89' lang='lat' dir='ltr'><strong>promtu</strong></span> <span class='ocrx_word' id='word_1_176' title='bbox 709 3227 749 3270; x_wconf 86' lang='lat' dir='ltr'><strong>se</strong></span> <span class='ocrx_word' id='word_1_177' title='bbox 770 3206 915 3284; x_wconf 81' lang='lat' dir='ltr'><strong>hahere,</strong></span> <span class='ocrx_word' id='word_1_178' title='bbox 945 3208 1033 3291; x_wconf 86' lang='lat' dir='ltr'><strong>quod</strong></span> <span class='ocrx_word' id='word_1_179' title='bbox 1055 3227 1195 3290; x_wconf 88' lang='lat' dir='ltr'><strong>prorsus</strong></span> <span class='ocrx_word' id='word_1_180' title='bbox 1222 3217 1333 3289; x_wconf 88' lang='lat' dir='ltr'><strong>aptum</strong></span> <span class='ocrx_word' id='word_1_181' title='bbox 1356 3207 1544 3273; x_wconf 86' lang='lat' dir='ltr'><strong>videretur:</strong></span> 
     </span>
     <span class='ocr_line' id='line_1_24' title="bbox 435 3322 1542 3408; baseline 0.001 -19"><span class='ocrx_word' id='word_1_182' title='bbox 435 3336 579 3389; x_wconf 91' lang='lat' dir='ltr'><strong>attamen</strong></span> <span class='ocrx_word' id='word_1_183' title='bbox 606 3322 704 3407; x_wconf 83' lang='lat' dir='ltr'><strong>„rll“</strong></span> <span class='ocrx_word' id='word_1_184' title='bbox 733 3323 925 3408; x_wconf 82' lang='lat' dir='ltr'><strong>significare</strong></span> <span class='ocrx_word' id='word_1_185' title='bbox 955 3334 1077 3388; x_wconf 87' lang='lat' dir='ltr'><strong>terram</strong></span> <span class='ocrx_word' id='word_1_186' title='bbox 1107 3324 1243 3387; x_wconf 86' lang='lat' dir='ltr'><strong>viridem</strong></span> <span class='ocrx_word' id='word_1_187' title='bbox 1267 3336 1300 3386; x_wconf 90' lang='lat' dir='ltr'><strong>et</strong></span> <span class='ocrx_word' id='word_1_188' title='bbox 1329 3323 1452 3408; x_wconf 89' lang='lat' dir='ltr'><strong>plantis</strong></span> <span class='ocrx_word' id='word_1_189' title='bbox 1483 3326 1542 3390; x_wconf 91' lang='lat' dir='ltr'><strong>oh·</strong></span> 
     </span>
     <span class='ocr_line' id='line_1_25' title="bbox 434 3437 1543 3526; baseline 0 -22"><span class='ocrx_word' id='word_1_190' title='bbox 434 3443 541 3517; x_wconf 85' lang='lat' dir='ltr'><strong>sitam,</strong></span> <span class='ocrx_word' id='word_1_191' title='bbox 565 3446 741 3518; x_wconf 83' lang='lat' dir='ltr'><strong>,‚arama“</strong></span> <span class='ocrx_word' id='word_1_192' title='bbox 762 3439 918 3503; x_wconf 79' lang='lat' dir='ltr'><strong>frumenti</strong></span> <span class='ocrx_word' id='word_1_193' title='bbox 941 3441 1005 3502; x_wconf 88' lang='lat' dir='ltr'><strong>triti</strong></span> <span class='ocrx_word' id='word_1_194' title='bbox 1027 3460 1195 3505; x_wconf 88' lang='lat' dir='ltr'><strong>acervum.</strong></span> <span class='ocrx_word' id='word_1_195' title='bbox 1222 3477 1260 3490; x_wconf 89' lang='lat'>-</span> <span class='ocrx_word' id='word_1_196' title='bbox 1283 3437 1358 3526; x_wconf 73' lang='lat' dir='ltr'><strong>fons</strong></span> <span class='ocrx_word' id='word_1_197' title='bbox 1373 3441 1543 3506; x_wconf 77' lang='lat' dir='ltr'><strong>Aenusca-</strong></span> 
     </span>
     <span class='ocr_line' id='line_1_26' title="bbox 434 3552 1543 3651; baseline 0.004 -30"><span class='ocrx_word' id='word_1_198' title='bbox 434 3557 540 3635; x_wconf 78' lang='lat' dir='ltr'><strong>bales,</strong></span> <span class='ocrx_word' id='word_1_199' title='bbox 568 3555 654 3651; x_wconf 78' lang='lat' dir='ltr'><strong>paud</strong></span> <span class='ocrx_word' id='word_1_200' title='bbox 675 3552 837 3643; x_wconf 74' lang='lat' dir='ltr'><strong>sipaificat</strong></span> <span class='ocrx_word' id='word_1_201' title='bbox 858 3552 1055 3616; x_wconf 82' lang='lat' dir='ltr'><strong>camelorum</strong></span> <span class='ocrx_word' id='word_1_202' title='bbox 1077 3557 1238 3642; x_wconf 77' lang='lat' dir='ltr'><strong>oppidum.</strong></span> <span class='ocrx_word' id='word_1_203' title='bbox 1288 3559 1437 3625; x_wconf 82' lang='lat' dir='ltr'><strong>Arabiae</strong></span> <span class='ocrx_word' id='word_1_204' title='bbox 1459 3561 1543 3638; x_wconf 87' lang='lat' dir='ltr'><strong>„ain</strong></span> 
     </span>
     <span class='ocr_line' id='line_1_27' title="bbox 433 3670 1543 3768; baseline -0.013 -26"><span class='ocrx_word' id='word_1_205' title='bbox 433 3676 466 3742; x_wconf 87' lang='lat' dir='ltr'><strong>ul</strong></span> <span class='ocrx_word' id='word_1_206' title='bbox 488 3674 626 3768; x_wconf 83' lang='lat' dir='ltr'><strong>gaurpl“</strong></span> <span class='ocrx_word' id='word_1_207' title='bbox 653 3670 855 3738; x_wconf 90' lang='lat' dir='ltr'><strong>camelorum</strong></span> <span class='ocrx_word' id='word_1_208' title='bbox 875 3672 979 3735; x_wconf 85' lang='lat' dir='ltr'><strong>rivum</strong></span> <span class='ocrx_word' id='word_1_209' title='bbox 1003 3672 1202 3759; x_wconf 81' lang='lat' dir='ltr'><strong>significare.</strong></span> <span class='ocrx_word' id='word_1_210' title='bbox 1231 3711 1270 3724; x_wconf 89' lang='grc'><strong>-</strong></span> <span class='ocrx_word' id='word_1_211' title='bbox 1301 3677 1438 3742; x_wconf 88' lang='lat' dir='ltr'><strong>lllarioa</strong></span> <span class='ocrx_word' id='word_1_212' title='bbox 1459 3680 1543 3765; x_wconf 65' lang='lat' dir='ltr'><strong>appi.</strong></span> 
     </span>
     <span class='ocr_line' id='line_1_28' title="bbox 434 3792 1541 3884; baseline 0.001 -25"><span class='ocrx_word' id='word_1_213' title='bbox 434 3796 512 3859; x_wconf 80' lang='lat' dir='ltr'><strong>dum</strong></span> <span class='ocrx_word' id='word_1_214' title='bbox 532 3792 694 3884; x_wconf 70' lang='lat' dir='ltr'><strong>sipaificat</strong></span> <span class='ocrx_word' id='word_1_215' title='bbox 714 3793 861 3858; x_wconf 81' lang='lat' dir='ltr'><strong>dominor</strong></span> <span class='ocrx_word' id='word_1_216' title='bbox 882 3793 1036 3857; x_wconf 80' lang='lat' dir='ltr'><strong>omnium.</strong></span> <span class='ocrx_word' id='word_1_217' title='bbox 1085 3794 1234 3860; x_wconf 83' lang='lat' dir='ltr'><strong>Arabico</strong></span> <span class='ocrx_word' id='word_1_218' title='bbox 1257 3798 1463 3878; x_wconf 87' lang='lat' dir='ltr'><strong>„marahha“</strong></span> <span class='ocrx_word' id='word_1_219' title='bbox 1484 3799 1541 3862; x_wconf 92' lang='lat' dir='ltr'><strong>im·</strong></span> 
     </span>
    </p>
   </div>
   <div class='ocr_carea' id='block_1_3' title="bbox 433 3893 1619 4111">
    <p class='ocr_par' dir='ltr' id='par_1_4' title="bbox 433 3893 1619 4111">
     <span class='ocr_line' id='line_1_29' title="bbox 433 3893 1619 4008; baseline -0.013 -28"><span class='ocrx_word' id='word_1_220' title='bbox 433 3918 562 3999; x_wconf 84' lang='lat' dir='ltr'><strong>perium</strong></span> <span class='ocrx_word' id='word_1_221' title='bbox 585 3916 661 3979; x_wconf 87' lang='lat' dir='ltr'><strong>dici.</strong></span> <span class='ocrx_word' id='word_1_222' title='bbox 684 3949 726 3960; x_wconf 88' lang='lat'>-</span> <span class='ocrx_word' id='word_1_223' title='bbox 749 3910 945 3976; x_wconf 82' lang='lat' dir='ltr'><strong>Caunaraui</strong></span> <span class='ocrx_word' id='word_1_224' title='bbox 965 3909 1034 3994; x_wconf 86' lang='lat' dir='ltr'><strong>(vel</strong></span> <span class='ocrx_word' id='word_1_225' title='bbox 1059 3907 1288 3997; x_wconf 82' lang='lat' dir='ltr'><strong>Caunaraai),</strong></span> <span class='ocrx_word' id='word_1_226' title='bbox 1310 3913 1397 4008; x_wconf 78' lang='lat' dir='ltr'><strong>paral</strong></span> <span class='ocrx_word' id='word_1_227' title='bbox 1417 3912 1541 4004; x_wconf 60' lang='lat' dir='ltr'><strong>signifi.</strong></span> <span class='ocrx_word' id='word_1_228' title='bbox 1618 3893 1619 3988; x_wconf 79' lang='lat' dir='ltr'><strong>l</strong></span> 
     </span>
     <span class='ocr_line' id='line_1_30' title="bbox 433 4009 1619 4111; baseline 0.003 -17"><span class='ocrx_word' id='word_1_229' title='bbox 433 4042 487 4094; x_wconf 89' lang='lat' dir='ltr'><strong>cat</strong></span> <span class='ocrx_word' id='word_1_230' title='bbox 505 4032 679 4096; x_wconf 72' lang='lat' dir='ltr'><strong>ditissimos</strong></span> <span class='ocrx_word' id='word_1_231' title='bbox 700 4039 858 4096; x_wconf 80' lang='lat' dir='ltr'><strong>armento.</strong></span> <span class='ocrx_word' id='word_1_232' title='bbox 907 4027 1060 4107; x_wconf 84' lang='lat' dir='ltr'><strong>„Kaur“</strong></span> <span class='ocrx_word' id='word_1_233' title='bbox 1082 4042 1266 4095; x_wconf 89' lang='lat' dir='ltr'><strong>armentum</strong></span> <span class='ocrx_word' id='word_1_234' title='bbox 1290 4042 1323 4094; x_wconf 90' lang='lat' dir='ltr'><strong>et</strong></span> <span class='ocrx_word' id='word_1_235' title='bbox 1342 4031 1542 4111; x_wconf 83' lang='lat' dir='ltr'><strong>‚‚hauram“</strong></span> <span class='ocrx_word' id='word_1_236' title='bbox 1618 4009 1619 4074; x_wconf 25' lang='grc' dir='ltr'><em>Ὗ</em></span> 
     </span>
    </p>
   </div>
   <div class='ocr_carea' id='block_1_4' title="bbox 419 4145 1541 4466">
    <p class='ocr_par' dir='ltr' id='par_1_5' title="bbox 419 4145 1541 4466">
     <span class='ocr_line' id='line_1_31' title="bbox 431 4145 1117 4234; baseline 0 -22"><span class='ocrx_word' id='word_1_237' title='bbox 431 4170 517 4234; x_wconf 88' lang='lat' dir='ltr'><strong>opes</strong></span> <span class='ocrx_word' id='word_1_238' title='bbox 541 4149 704 4232; x_wconf 86' lang='lat' dir='ltr'><strong>pecuniae</strong></span> <span class='ocrx_word' id='word_1_239' title='bbox 727 4147 781 4212; x_wconf 88' lang='lat' dir='ltr'><strong>rel</strong></span> <span class='ocrx_word' id='word_1_240' title='bbox 804 4145 1007 4211; x_wconf 81' lang='lat' dir='ltr'><strong>canrelorum</strong></span> <span class='ocrx_word' id='word_1_241' title='bbox 1029 4168 1117 4214; x_wconf 87' lang='lat' dir='ltr'><strong>esse.</strong></span> 
     </span>
     <span class='ocr_line' id='line_1_32' title="bbox 419 4259 1541 4354; baseline -0.004 -26"><span class='ocrx_word' id='word_1_242' title='bbox 419 4296 421 4300; x_wconf 33' lang='lat' dir='ltr'>v</span> <span class='ocrx_word' id='word_1_243' title='bbox 517 4266 685 4332; x_wconf 74' lang='lat' dir='ltr'>P.120.v.</span> <span class='ocrx_word' id='word_1_244' title='bbox 703 4263 753 4330; x_wconf 73' lang='lat'><strong>25.</strong></span> <span class='ocrx_word' id='word_1_245' title='bbox 777 4284 854 4348; x_wconf 85' lang='lat' dir='ltr'><strong>pro:</strong></span> <span class='ocrx_word' id='word_1_246' title='bbox 875 4259 1034 4328; x_wconf 82' lang='lat' dir='ltr'><strong>uocabula</strong></span> <span class='ocrx_word' id='word_1_247' title='bbox 1056 4264 1091 4326; x_wconf 84' lang='lat' dir='ltr'><strong>in</strong></span> <span class='ocrx_word' id='word_1_248' title='bbox 1114 4261 1243 4328; x_wconf 84' lang='lat' dir='ltr'><strong>homine</strong></span> <span class='ocrx_word' id='word_1_249' title='bbox 1262 4301 1305 4312; x_wconf 89' lang='lat'>-</span> <span class='ocrx_word' id='word_1_250' title='bbox 1322 4261 1541 4354; x_wconf 72' lang='lat' dir='ltr'><strong>transferrent.</strong></span> 
     </span>
     <span class='ocr_line' id='line_1_33' title="bbox 432 4375 1309 4466; baseline -0.003 -17"><span class='ocrx_word' id='word_1_251' title='bbox 432 4394 489 4449; x_wconf 80' lang='lat' dir='ltr'><strong>iar</strong></span> <span class='ocrx_word' id='word_1_252' title='bbox 507 4381 598 4466; x_wconf 80' lang='lat' dir='ltr'><strong>lege:</strong></span> <span class='ocrx_word' id='word_1_253' title='bbox 626 4379 821 4443; x_wconf 75' lang='lat' dir='ltr'><strong>vocabalum</strong></span> <span class='ocrx_word' id='word_1_254' title='bbox 840 4376 970 4441; x_wconf 82' lang='lat' dir='ltr'><strong>homine</strong></span> <span class='ocrx_word' id='word_1_255' title='bbox 994 4413 1034 4427; x_wconf 89' lang='lat'>—</span> <span class='ocrx_word' id='word_1_256' title='bbox 1059 4375 1309 4464; x_wconf 76' lang='lat' dir='ltr'><strong>transferretur.</strong></span> 
     </span>
    </p>
   </div>
   <div class='ocr_carea' id='block_1_5' title="bbox 513 4493 1069 4687">
    <p class='ocr_par' dir='ltr' id='par_1_6' title="bbox 513 4493 1069 4687">
     <span class='ocr_line' id='line_1_34' title="bbox 515 4493 1069 4582; baseline -0.007 -18"><span class='ocrx_word' id='word_1_257' title='bbox 515 4500 550 4568; x_wconf 90' lang='lat' dir='ltr'><strong>P.</strong></span> <span class='ocrx_word' id='word_1_258' title='bbox 565 4497 638 4568; x_wconf 65' lang='lat'><strong>171„</strong></span> <span class='ocrx_word' id='word_1_259' title='bbox 660 4497 756 4566; x_wconf 84' lang='lat' dir='ltr'><strong>v.18.</strong></span> <span class='ocrx_word' id='word_1_260' title='bbox 778 4517 840 4582; x_wconf 89' lang='lat' dir='ltr'><strong>pro</strong></span> <span class='ocrx_word' id='word_1_261' title='bbox 858 4493 901 4562; x_wconf 81' lang='lat'><strong>87</strong></span> <span class='ocrx_word' id='word_1_262' title='bbox 921 4493 997 4580; x_wconf 82' lang='lat' dir='ltr'><strong>lege</strong></span> <span class='ocrx_word' id='word_1_263' title='bbox 1020 4494 1069 4560; x_wconf 88' lang='grc'><strong>13.</strong></span> 
     </span>
     <span class='ocr_line' id='line_1_35' title="bbox 513 4611 1012 4687; baseline -0.002 -5"><span class='ocrx_word' id='word_1_264' title='bbox 513 4619 549 4687; x_wconf 89' lang='lat' dir='ltr'><strong>P.</strong></span> <span class='ocrx_word' id='word_1_265' title='bbox 561 4617 632 4686; x_wconf 76' lang='lat'><strong>175.</strong></span> <span class='ocrx_word' id='word_1_266' title='bbox 653 4639 684 4684; x_wconf 89' lang='lat' dir='ltr'><strong>v.</strong></span> <span class='ocrx_word' id='word_1_267' title='bbox 698 4615 749 4684; x_wconf 75' lang='lat'><strong>25.</strong></span> <span class='ocrx_word' id='word_1_268' title='bbox 771 4613 836 4682; x_wconf 85' lang='lat' dir='ltr'><strong>del.</strong></span> <span class='ocrx_word' id='word_1_269' title='bbox 857 4634 886 4679; x_wconf 80' lang='lat' dir='ltr'><strong>v.</strong></span> <span class='ocrx_word' id='word_1_270' title='bbox 913 4611 1012 4681; x_wconf 62' lang='lat' dir='ltr'><strong>libres.</strong></span> 
     </span>
    </p>
   </div>
   <div class='ocr_carea' id='block_1_6' title="bbox 0 0 1788 5559">
    <p class='ocr_par' dir='ltr' id='par_1_7' title="bbox 0 0 1788 5559">
     <span class='ocr_line' id='line_1_36' title="bbox 0 0 1788 5559; baseline 0 7"><span class='ocrx_word' id='word_1_271' title='bbox 0 0 1788 5559; x_wconf 95' lang='lat' dir='ltr'><strong> </strong></span> 
     </span>
    </p>
   </div>
  </div>
 </body>
</html>
