3567 5559
458 747 501 818 4³
757 729 764 740 '
905 751 996 814 uter
1008 751 1116 814 run.

458 945 573 1034 Itaque
599 950 676 1010 aute
693 945 893 1011 omnic‘vox
914 958 1019 1012 ouerct
1046 967 1089 1014 sc.
1117 945 1215 1012 vitem
1237 946 1407 1032 recipiatur
1430 950 1539 1032 oportet

459 1065 725 1150 interpunctione,
746 1070 783 1128 ut
797 1085 856 1149 par
869 1071 930 1146 est,
951 1069 1083 1132 mutate.
1106 1064 1188 1127 Tum
1201 1062 1235 1126 id
1253 1065 1449 1148 praecipitur,
1468 1061 1540 1148 qucd

348 1171 355 1182 ’
459 1181 551 1246 alteri
572 1181 689 1245 rationi
708 1181 956 1267 praeferendum
977 1181 1140 1262 videatur,
1170 1187 1206 1244 ut
1233 1180 1395 1266 quandam
1416 1180 1541 1244 draconis

458 1297 696 1364 similitudinem
718 1298 859 1363 efficiant
878 1299 1045 1381 badaces3
1078 1289 1284 1362 numerorum
1307 1300 1392 1362 enim
1424 1299 1541 1363 varietus

458 1423 583 1482 tuntum
604 1415 697 1480 abest
717 1421 754 1479 nt
775 1416 982 1502 improbetur,
1006 1423 1042 1480 ut
1060 1416 1134 1480 usui
1144 1415 1293 1480 Pliniano
1307 1437 1404 1502 quam
1424 1415 1542 1480 memma

458 1539 535 1618 apta
555 1553 627 1596 esse
648 1531 804 1597 videatur.
848 1533 943 1608 Quod
965 1533 1020 1597 ubi
1049 1533 1185 1618 primam
1212 1533 1300 1598 vocis
1331 1541 1477 1598 trcurilenr
1499 1532 1541 1595 lit·

456 1633 558 1716 teram
573 1650 751 1736 eproxima
768 1661 801 1713 ut
817 1651 901 1714 male
917 1650 1086 1736 irrepsisse
1101 1652 1308 1733 concesseris,
1331 1657 1445 1736 sponte
1465 1648 1542 1736 prod·

457 1767 531 1833 ibit:
552 1774 682 1864 rasilem,
705 1768 744 1834 of.
768 1769 795 1852 ᾖ.
818 1768 889 1835 206.
931 1745 1002 1832 Nisi
1026 1767 1166 1853 palmitis
1190 1768 1369 1833 crassitudo
1393 1769 1543 1834 draconem

457 1887 526 1971 ipsa
539 1887 681 1972 largitur,
704 1892 773 1949 arte
795 1883 918 1950 adeius
931 1887 1071 1971 speciem
1085 1884 1333 1950 conformandus
1356 1893 1414 1952 est.
1435 1883 1544 1970 Exigua

457 2005 555 2090 igitur
575 2003 631 2067 illa
650 2003 827 2067 mutatione
847 2001 937 2067 facta
950 1983 1054 2067 'talem
1074 2005 1180 2068 locum
1202 2003 1396 2069 scribemus:

502 2126 668 2187 ltcdurem
695 2126 801 2186 timum
827 2125 1009 2200 praecidere
1040 2125 1178 2186 roieiuui
1208 2131 1333 2200 (cruci
1363 2129 1439 2187 euim
1464 2132 1542 2184 uetu-

498 2247 589 2310 ictui:
611 2243 715 2302 meiius
736 2244 854 2302 donare
875 2249 988 2318 tempus
1009 2249 1043 2302 ui
1063 2246 1184 2303 rasilem
1202 2245 1335 2322 sacient,
1359 2247 1391 2304 ni
1409 2239 1462 2303 rel.

538 2353 651 2418 Obiter
671 2373 803 2437 moneo,
824 2357 921 2440 paulo
945 2363 1019 2420 ante
1042 2369 1170 2436 utruque
1187 2355 1454 2442 pars-legendum
1475 2373 1543 2434 esse,

455 2470 540 2556 prior
552 2471 637 2535 enim
650 2491 714 2536 vox
724 2471 829 2537 uicina
839 2480 986 2552 utrimque
1000 2473 1153 2560 absorpta
1165 2480 1230 2557 est;
1243 2474 1282 2540 cf.
1297 2473 1471 2540 Columella
1481 2473 1514 2536 V.
1521 2471 1543 2538 7.

875 2631 947 2704 213
961 2631 1138 2718 --.23,35.

504 2756 663 2835 Medium
689 2765 1016 2858 temperamentum
1044 2761 1080 2836 in
1105 2758 1329 2838 carseolano
1357 2764 1544 2861 sequuntur

504 2891 742 2991 cariosasque
784 2897 926 2968 tantum
972 2875 1056 2968 vius
1097 2890 1240 2992 portes
1263 2892 1542 2994 incipientesque

501 3023 711 3101 inarescere
739 3024 964 3124 deputande.
1197 3118 1203 3124 ³

509 3217 519 3232 ,
533 3155 677 3222 Primum
697 3175 716 3219 e
732 3157 895 3222 codicibus
910 3157 1096 3223 restituetur
1109 3161 1283 3239 Carsulano,
1305 3156 1392 3244 quod
1403 3154 1541 3222 Umbriae

453 3270 605 3356 oppidum
626 3275 682 3339 Ill.
705 3274 765 3342 113
793 3277 1125 3360 commemoratur*),
1158 3274 1275 3340 deinde
1304 3272 1411 3340 deleta
1432 3272 1541 3360 copule,

453 3407 574 3476 quaec
597 3391 699 3456 vicino
722 3393 887 3478 participio
910 3398 1144 3474 incipientesque
1163 3392 1225 3458 bue
1241 3383 1379 3480 irrepsit,
1402 3392 1543 3458 scribatur

451 3511 598 3571 cariosas.
631 3509 740 3581 Simile
753 3509 912 3592 ,mendum
933 3518 1135 3591 sereniusque
1156 3511 1189 3574 in
1212 3512 1239 3596 fi.
1255 3511 1316 3578 215
1339 3509 1459 3574 dudum
1479 3505 1541 3572 sub·

451 3623 552 3690 latum
574 3631 633 3694 est.

372 2684 434 2756 328

871 3833 944 3908 214
959 3833 1133 3920 :23,35.

498 3977 665 4056 Arbusta
702 3979 794 4056 arari
821 4003 941 4080 ¹quam
981 3980 1162 4074 altissime,
1201 3977 1416 4056 desiderent
1458 3981 1544 4056 tauta
1604 4029 1605 4064 ,

499 4108 570 4184 etsi
595 4110 768 4188 frumenti
792 4114 885 4192 ratic
912 4137 987 4192 non
1014 4114 1141 4214 exigit.

532 4237 677 4324 Expulit
693 4241 910 4329 dittographia
928 4246 1189 4330 (desiderantem)
1212 4245 1287 4340 lego
1302 4247 1477 4308 desiderari
1491 4239 1543 4304 uri.

409 4382 412 4388 ·
450 4355 618 4420 Pintianus
639 4367 774 4441 ramelei,
810 4359 877 4426 Sill.
901 4373 998 4425 iumen
1020 4367 1075 4424 etsi
1099 4361 1311 4426 coniecerant
1354 4358 1478 4426 Ibidem
1496 4374 1542 4420 W·

367 3882 429 3952 329

506 4632 536 4696 *)
558 4628 647 4682 Antea
674 4643 726 4699 pro
745 4627 827 4683 iuxta
851 4630 943 4682 urbem
973 4629 1131 4681 terrestris
1160 4629 1336 4684 scribendum
1361 4627 1542 4682 viduarum

555 4739 634 4798 lucra
650 4736 743 4788 artem
757 4737 923 4794 iuAricirrlr.
