3567 5559
544 862 548 872 ³
673 774 765 835 ruer
785 775 917 850 rem„
1301 771 1343 843 st
1483 855 1485 860 ,

203 971 275 1048 est,
310 965 421 1036 bene
448 965 547 1051 igitur
573 965 639 1034 sill
665 969 734 1030 las.
765 974 797 1031 tr
821 987 944 1032 manem
972 969 1123 1036 scribunt.
1167 969 1290 1035 Deinde
1310 971 1343 1038 ln

204 1081 282 1148 cod.
308 1101 339 1178 a
361 1094 460 1146 crete
479 1083 650 1165 omittitur,
683 1103 746 1169 quo
766 1104 874 1150 errore
904 1083 946 1148 ad
967 1085 1063 1150 fidem
1091 1087 1254 1172 scriptoris
1275 1089 1343 1152 vlu·

205 1199 405 1263 dicandam
441 1200 489 1262 uti
515 1199 600 1265 licet.
642 1199 748 1274 Quum
782 1202 868 1265 enin
888 1203 972 1268 (lato
994 1223 1042 1288 op.
1065 1204 1127 1271 129
1158 1223 1289 1272 amurca
1308 1209 1345 1270 ut
1435 1289 1440 1296 ι

207 1315 432 1380 adhibeatur
458 1315 608 1399 suadeat,
640 1316 801 1403 Vergilius
822 1318 940 1405 Georg.
961 1319 987 1388 Ι.
1010 1320 1072 1389 179
1108 1327 1229 1386 oretani
1261 1337 1344 1407 qnae

207 1432 304 1517 apud
326 1433 435 1496 illum
457 1451 500 1497 nc
516 1441 784 1500 commemoratur
803 1435 952 1521 quidem,
972 1437 1187 1520 commendet,
1211 1445 1345 1524 apparet

207 1569 335 1614 vocem
362 1559 457 1615 crete
477 1550 511 1614 in
534 1571 554 1614 a
575 1551 747 1635 omissam,
774 1552 852 1624 ind
876 1560 912 1621 et
941 1554 995 1640 qui
1028 1555 1097 1619 eius
1123 1554 1245 1618 similes
1270 1561 1344 1648 sunt

210 1666 400 1732 codicibus
426 1688 445 1733 e
465 1668 611 1754 margine
633 1667 667 1736 io
685 1677 932 1758 praeposterum
951 1670 1057 1740 loeum
1077 1677 1240 1760 receptam
1263 1689 1345 1740 esse.

212 1784 426 1870 Legendum
448 1791 499 1849 est
519 1785 631 1871 igittu:

259 1921 377 1965 ereum
403 1908 438 1966 ir
460 1923 581 1966 messem
592 1924 795 1987 praeparere,
821 1909 1118 1970 delenimentum.
1142 1916 1240 1990 temp,
1275 1909 1345 1970 Ver-

258 2025 330 2098 yllir'
354 2027 523 2101 operosius
544 2030 638 2086 crete.
1010 2032 1012 2036 ’

659 2161 732 2233 296
746 2161 921 2246 -·30,72.

272 2283 488 2362 Galliarum
520 2284 720 2366 latifundiis
758 2286 846 2364 valli
878 2283 1132 2396 praegrandes
1172 2289 1345 2367 dentibus

272 2417 312 2492 in
340 2417 518 2517 margine
543 2419 687 2496 infestis
714 2420 858 2536 duabus
876 2420 967 2498 rotis
993 2443 1061 2524 per
1086 2428 1255 2522 segetem
1280 2423 1347 2500 im-

276 2549 489 2649 pelluntur.

311 2682 507 2747 Ablatirum
528 2679 591 2746 loci
626 2681 712 2767 apud
734 2682 878 2768 quemvis
906 2680 1004 2747 alium
1032 2679 1220 2768 scriptorem
1250 2683 1346 2772 corri-

232 2817 364 2886 gerem,
390 2799 497 2864 Plinio
518 2797 680 2883 relinquo,
703 2797 743 2862 cf.
766 2797 974 2884 Grasberger.
1000 2822 1030 2886 p.
1053 2800 1104 2884 54,
1127 2806 1160 2864 at
1181 2823 1210 2866 v.
1232 2803 1347 2877 tnl‘estrs

234 2914 367 2980 minime
390 2915 467 2979 huic
480 2915 551 2979 loco
570 2921 679 2998 aptum
697 2923 734 2985 et
755 2915 908 2983 facillima
929 2916 1153 2982 emendatione
1174 2918 1208 2981 in
1231 2923 1345 2982 inser·

235 3034 270 3097 tte
291 3032 488 3103 mutandam
509 3052 581 3098 esse
605 3051 733 3100 censeo.
1402 3029 1407 3032 ’

660 3173 733 3245 330
746 3201 791 3237 a
804 3173 925 3259 3336.
1366 3197 1428 3268 378

284 3294 359 3390 Qui
385 3299 542 3377 feminas
567 3300 716 3400 concipi
741 3300 848 3378 voles
873 3301 911 3376 in
937 3299 1037 3378 huuc
1060 3307 1211 3378 ventum
1236 3325 1346 3403 spee-

283 3434 410 3509 tantes
435 3431 519 3507 iniri
542 3431 681 3532 cogito.

321 3563 374 3627 De
395 3563 614 3649 septentrione
646 3563 786 3650 loquitur
805 3565 851 3629 ita
871 3571 909 3629 nt
937 3539 1002 3629 sibi
1029 3565 1099 3650 ipse
1126 3565 1345 3632 contradicere

243 3672 395 3745 rideatur.
443 3679 526 3744 liam
561 3679 651 3746 VIII.
674 3681 735 3748 189
773 3679 942 3767 ,aquilonis
973 3681 1052 3745 flatu
1082 3699 1188 3746 mares
1221 3682 1344 3766 concipi

242 3785 382 3878 dixerat,
405 3797 506 3860 austri
525 3797 673 3891 feminas‘
704 3797 853 3884 idemque
874 3798 905 3882 ᾗ.
927 3797 989 3865 336
1009 3798 1183 3862 Aristotele
1216 3810 1344 3863 auctore

245 3913 366 3992 rtpetit.
409 3913 500 3988 Quae
525 3934 597 3978 cum
619 3915 822 3991 consentiens
856 3914 1055 4000 antiquitatis
1085 3912 1172 3977 fama
1205 3914 1246 3977 sit
1285 3913 1343 3992 (el.

247 4021 373 4095 mosot.
390 4031 464 4099 list.
487 4033 583 4097 anm.
605 4031 660 4095 vt.
675 4031 724 4112 m,
747 4011 889 4118 generat]
914 4031 1010 4096 anim.
1033 4031 1088 4096 m.
1112 4031 1142 4114 2,
1166 4028 1345 4097 columen

1366 2221 1428 2295 stt

250 4135 315 4207 VH.
335 4149 366 4230 4,
387 4148 512 4217 Aelian.
534 4149 565 4213 h.
588 4170 618 4214 a.
640 4151 709 4213 Vll.
730 4148 803 4234 27),
824 4149 886 4212 hoc
907 4148 1037 4235 quidem
1057 4148 1129 4213 loco
1150 4151 1344 4216 contrarium
1415 4195 1417 4202 ,

253 4255 425 4330 sueveras
442 4287 507 4330 non
527 4266 640 4351 potuit.
684 4268 797 4354 ltaque
818 4265 987 4335 Pintienus
1011 4272 1044 4330 et
1067 4264 1280 4334 Schneiderus
1303 4270 1344 4335 ad

256 4370 440 4447 Columellas
461 4383 566 4448 locum
588 4404 687 4447 mures
708 4382 804 4447 scribi
824 4383 956 4448 volunt:
974 4383 1052 4447 mihi
1066 4385 1130 4449 alia
1142 4385 1222 4449 ratio
1239 4387 1344 4472 magis
1475 4441 1480 4452 .

256 4493 373 4564 enitet.
416 4498 481 4563 Vix
497 4500 582 4564 enim
602 4500 680 4563 milri
700 4499 895 4586 persuadere
919 4519 1060 4585 possum,
1082 4500 1161 4566 loois
1183 4508 1249 4570 mm
1269 4519 1343 4585 pro·

256 4606 369 4696 eisqui„
388 4615 505 4680 eadem
522 4637 542 4680 a
562 4616 667 4681 Plinio
687 4616 739 4680 bis
759 4615 904 4701 proferri,
928 4635 1011 4703 quae
1027 4615 1079 4679 bio
1099 4617 1250 4701 leguntur
1271 4635 1343 4682 mest

258 4719 293 4789 ill
309 4748 390 4816 quae
407 4737 486 4806 mox
494 4739 675 4820 sequuntur
690 4733 815 4819 apeme
829 4732 981 4818 coniungi
991 4730 1095 4798 rideo.
1116 4733 1228 4818 Itaque
1240 4738 1343 4800 mus·

1087 4847 1135 4914 5·
