3567 5559
347 663 352 671 ’
434 695 497 762 178
873 697 962 758 sacer
982 698 1106 758 ruia

435 894 553 981 legItur
573 899 695 973 quidum
717 906 746 957 ei
766 900 910 958 attollitur
929 899 1040 972 viperis
1063 898 1110 974 (oi
1130 900 1241 975 viperis
1261 895 1327 979 R),
1356 893 1386 958 id
1404 894 1443 958 ab
1464 890 1524 954 edi·

435 1011 558 1106 tenipus
574 1019 694 1076 temere
715 1011 869 1075 omissum
890 1012 924 1074 in
946 1010 1110 1096 archetypi
1127 1012 1272 1096 margine
1286 1012 1454 1075 rectissime
1476 1007 1525 1070 ad·

436 1129 588 1215 scriptum
614 1126 683 1194 fuit.
727 1126 839 1191 Vicino
868 1129 954 1194 enim
987 1128 1143 1192 vocabulo
1177 1133 1252 1192 addi
1279 1127 1393 1192 factum
1421 1131 1529 1191 estut

435 1244 523 1328 quod
547 1243 670 1309 Plinius
701 1245 873 1329 scripserat
902 1251 1049 1310 attollitur
1076 1245 1096 1311 i.
1130 1265 1158 1311 e.
1186 1245 1334 1326 ,antidoti
1355 1244 1530 1330 dignitatem

435 1361 650 1447 consequitur‘
676 1362 710 1424 in
732 1367 855 1426 additur
883 1363 1195 1446 ocrmmpcretiu*).
1229 1361 1333 1425 Simili
1360 1381 1458 1426 errore
1481 1358 1530 1443 qni

435 1484 543 1541 tamen
570 1497 667 1542 verae
696 1477 873 1564 scripturae
901 1462 1073 1564 vestigium
1094 1479 1212 1542 retinet
1238 1480 1273 1542 in
1288 1479 1334 1544 R²
1366 1493 1392 1542 et
1412 1483 1531 1542 omnium

436 1600 608 1658 astrictior
629 1594 756 1680 legitur.
777 1593 896 1659 Deleta
916 1597 1011 1681 igitur
1032 1617 1111 1662 voce
1133 1602 1262 1662 omnium
1285 1617 1303 1661 e
1327 1593 1532 1682 superioribus

435 1711 520 1776 male
540 1711 678 1799 repetita
693 1732 777 1799 quae
799 1719 968 1778 remanent
989 1724 1018 1777 et
1031 1724 1084 1778 crit
1103 1714 1273 1788 retinenda
1294 1721 1379 1779 sunt.

353 1869 417 1937 350
839 1836 910 1908 123
937 1853 974 1932 ἓ
1001 1830 1150 1908 ibidem.

485 1962 533 2038 ad
558 1984 709 2062 argema
735 1970 772 2039 et
797 1962 1006 2062 albugines,

520 2093 631 2159 Scribe
652 2115 724 2159 cum
746 2095 810 2162 R²z
835 2102 878 2161 ud
898 2106 1056 2175 orpemuto
1076 2115 1102 2162 e.
1123 2115 1155 2162 c.

354 2242 414 2310 651
842 2219 909 2292 121
936 2239 977 2271 =
1002 2213 1151 2290 ibidem.
1243 2291 1246 2295 ,
1295 2245 1299 2252 ’

454 2431 458 2443 1
486 2342 653 2418 Laudant
678 2352 716 2419 ct
740 2344 902 2445 gallinae
928 2344 978 2423 fel
1005 2354 1042 2423 et
1067 2346 1263 2447 praecipue
1279 2345 1426 2445 adipem
1451 2363 1530 2420 con-

486 2484 540 2551 tra
567 2473 720 2575 pusulas
746 2479 784 2553 in
810 2479 978 2580 pupillis;
1012 2479 1080 2555 has
1106 2480 1247 2556 scillcet
1274 2479 1356 2555 eius
1382 2479 1431 2554 rei
1456 2497 1530 2576 gra·

485 2609 537 2684 tia
561 2609 744 2708 sagiuant.

475 2832 479 2838 η
521 2746 584 2806 Hos
612 2763 763 2827 quorsum
792 2745 949 2811 referatur
970 2766 1034 2810 non
1066 2744 1179 2826 habet,
1205 2763 1311 2828 neque
1336 2744 1425 2808 libris
1450 2719 1530 2806 Ms's.

436 2867 563 2948 praeter
584 2860 622 2943 d,
635 2863 725 2925 cuius
746 2883 824 2947 prae
847 2865 977 2949 reliquis
1001 2863 1119 2948 exigua
1144 2861 1317 2926 auctoritas
1340 2867 1405 2945 cst,
1427 2858 1527 2924 contir-

436 2986 551 3043 matnr.
593 2978 707 3064 Itaque
736 2981 820 3065 quod
848 2982 881 3044 in
907 2980 1012 3048 eVR
1033 2981 1232 3065 legiturxnec
1258 2977 1345 3042 haud
1374 2977 1528 3042 dubiem
1603 2953 1604 2968 ¹

437 3096 618 3183 cipicndum
640 3105 718 3161 erat.
763 3097 891 3162 Scilicet
911 3098 1035 3162 Plinius
1058 3097 1192 3162 acerbus
1209 3095 1354 3159 luxuriae
1367 3096 1530 3159 insectator

437 3234 501 3276 non
528 3221 659 3299 propter
687 3214 789 3300 adipis
815 3216 906 3279 inre
934 3215 1059 3279 medica
1088 3235 1181 3280 usum
1211 3212 1269 3276 sed
1296 3212 1339 3277 ad
1367 3230 1527 3277 coenarum

438 3329 567 3394 delicias
590 3331 731 3416 saginari
744 3333 880 3396 eundem
896 3333 997 3397 obiter
1009 3334 1141 3415 monuit,
1165 3330 1202 3394 cf.
1216 3330 1338 3398 11139,
1361 3330 1529 3395 Particulas

437 3454 544 3511 autem
566 3468 622 3511 nec
645 3455 677 3511 et
697 3455 810 3514 scilicet
831 3452 928 3515 etiam
949 3449 1038 3521 XXI.
1063 3451 1103 3517 13
1125 3448 1294 3533 copulavit.

353 3593 415 3661 652
512 3666 517 3674 „
692 3630 699 3644 ·
840 3575 1136 3651 127=ibidem

486 3705 696 3783 Earundem
733 3707 856 3782 avium
903 3708 1056 3807 sanguis
1099 3703 1316 3804 nyctalopas
1360 3713 1465 3780 sanat
1500 3709 1529 3776 et

485 3840 590 3917 iocur
615 3842 738 3919 ovium
764 3848 893 3940 atque,
934 3849 972 3915 ut
999 3841 1035 3950 in
1063 3837 1183 3938 capris
1210 3837 1388 3928 diximus,
1417 3837 1529 3914 effica-

357 4041 364 4054 ,
486 3975 565 4048 cius
592 3973 725 4051 fulvae.

442 4164 451 4180 ,
515 4103 634 4167 Fulvas
656 4073 732 4170 oves
755 4095 910 4191 appellari
934 4102 1081 4190 estquod
1099 4101 1233 4184 mireris,
1256 4122 1328 4166 cum
1350 4101 1528 4186 praesertim

321 4240 327 4253 ¹
434 4239 526 4282 ovem
549 4219 718 4305 candidam
749 4223 954 4287 commendet
974 4221 1144 4285 Marcellus
1165 4242 1196 4305 p.
1218 4219 1280 4288 279
1303 4221 1332 4282 D
1361 4225 1393 4282 et
1416 4219 1529 4282 Plinius

433 4338 503 4422 ipsc
524 4336 652 4400 rutilam
675 4357 804 4422 capram
826 4338 1005 4404 laudaverit
1026 4336 1179 4404 XXVIII.
1196 4337 1264 4404 170.
1309 4335 1394 4411 Quid
1417 4334 1529 4400 multa?

488 4588 519 4656 ⁸)
540 4589 578 4640 lta
598 4590 621 4651 ἓ.
638 4586 688 4654 131
708 4586 734 4638 in
754 4583 896 4638 codicibus
915 4584 1067 4650 scripturae
1087 4599 1156 4653 quac
1173 4586 1202 4637 ln
1222 4545 1526 4637 archiantistitem

504 4696 653 4748 indicitur:
673 4693 818 4753 dicrum
835 4691 936 4742 dicitur
953 4688 1004 4742 Vd
1023 4688 1134 4749 ilicum:
1153 4692 1253 4744 dicitur
1272 4691 1304 4746 R.
