3567 5559
720 731 811 792 Liber
831 733 868 793 Χ
870 731 920 792 VI.
946 737 953 752 ·
1343 729 1363 795 5

244 927 250 934 ’
293 922 509 1001 Praeterea
522 930 607 1001 sunt
632 923 777 1024 aliquae
791 923 994 1015 silvestrae,
1020 921 1113 1001 aliae
1129 918 1362 1023 placidioree,

295 1077 401 1155 quae
430 1057 529 1133 culta
554 1056 730 1134 obtinent.
770 1060 845 1133 lam
869 1057 909 1132 in
934 1055 1140 1134 montuosis
1166 1053 1362 1156 planisque

293 1188 464 1280 distant,
506 1188 602 1265 sicut
634 1193 685 1264 et
709 1212 802 1266 sexu
834 1210 956 1277 mares
983 1209 1028 1265 ac
1058 1185 1237 1278 feminae,
1275 1187 1363 1264 item

295 1342 457 1420 sapore.
527 1385 531 1391 .

329 1521 635 1619 Inter-punctionem
657 1521 741 1593 male
764 1521 804 1585 ab
820 1522 898 1585 lano
916 1519 1127 1587 itamutatam
1140 1541 1213 1586 esse
1234 1526 1270 1586 ut
1290 1528 1363 1606 post

241 1643 442 1717 placidiorer
465 1636 562 1724 plene
586 1638 811 1724 distingueret,
849 1638 954 1702 verbis
976 1638 1190 1724 Theophrasti
1209 1637 1361 1702 efficitur:

244 1755 303 1840 τὴν
338 1757 408 1839 μὲν
438 1754 563 1843 ἥμερον
591 1757 731 1821 καλοῦσι
761 1755 821 1842 τὴν
848 1755 877 1820 δ’
905 1752 1026 1840 ἆγρίαν
1054 1753 1093 1822 οὐ
1123 1762 1162 1846 τῇ
1191 1754 1363 1840 γλυκύτητι

246 1877 303 1939 τοῦ
327 1877 467 1960 καρποῦ
479 1873 697 1958 διαιροῦντες.
719 1870 805 1939 ἀλλὰ
820 1876 865 1960 τῷ
890 1873 1019 1956 μᾶλλον
1030 1867 1067 1938 ἐν
1082 1879 1152 1948 τοῖς
1169 1867 1362 1960 ἐργασίμοις

235 1984 404 2073 ’φύεσθαι
420 1989 482 2075 τὴν
503 1989 541 2055 δὲ
562 1989 669 2075 φηγὸν
692 2037 737 2060 ...
761 1983 798 2054 ἕν
818 1995 887 2065 τοῖς
916 1985 1066 2076 ὀρεινοῖς.
1097 1987 1221 2052 Eadem
1243 2006 1363 2073 genera

249 2115 479 2171 montuororam
504 2112 722 2186 plerorumque
752 2105 933 2169 nominibus
962 2103 1216 2190 distinguuntur3
1252 2104 1361 2190 itaque

249 2220 343 2286 huius
356 2242 479 2287 senens
492 2222 635 2286 subiecta
648 2228 723 2288 sunt
732 2242 830 2286 morer
846 2243 886 2287 cc
898 2225 1037 2305 feminee,
1059 2243 1141 2309 quac
1164 2222 1247 2288 sicut
1270 2241 1361 2304 sexu,

250 2337 670 2424 itaetiamsaporedistant.
692 2338 898 2414 Feminarum
914 2327 999 2404 enim
1020 2339 1159 2405 fructum
1179 2340 1360 2404 uberiorem

255 2460 285 2517 et
303 2455 476 2521 mehorem
495 2476 566 2521 esse
588 2455 702 2520 eodem
718 2457 789 2522 lo‘co
801 2455 1042 2542 Theophrastus
1057 2457 1241 2524 tradiderat.
1264 2455 1361 2520 Nulla

253 2570 348 2655 igitur
374 2573 636 2659 interpunctione
657 2572 829 2658 legendum
866 2579 933 2638 est:
958 2623 981 2640 ..
1004 2580 1118 2640 dietant
1137 2581 1216 2639 sicat
1235 2585 1265 2638 et
1284 2593 1360 2638 recu
1410 2643 1412 2652 ,

255 2707 349 2753 morer
371 2695 564 2768 arseminae
590 2697 657 2754 item
685 2709 805 2771 copore.
847 2692 933 2756 Male
956 2689 1072 2757 deinde
1093 2693 1123 2778 §.
1146 2693 1195 2760 17.
1217 2691 1359 2754 futurum
1483 2762 1485 2766 .
1519 2665 1521 2676 Α

257 2807 380 2892 tempus
403 2812 620 2888 dicticouemur
640 2828 659 2872 e
681 2808 773 2874 codd.
795 2828 815 2873 a
837 2807 858 2870 d
884 2808 919 2873 in
939 2828 1094 2894 praesens
1117 2829 1138 2873 a
1159 2808 1225 2873 Sili.
1246 2809 1273 2875 1.
1289 2828 1358 2872 mu·

257 2925 354 2986 tatum
376 2931 440 2990 est.

718 3134 899 3228 18:6,7.
1027 3201 1029 3206 .
1218 3193 1231 3214 .

300 3311 442 3411 Fagum
467 3313 630 3391 muribus
656 3312 913 3412 gratissimam.
965 3311 1032 3390 Est
1064 3274 1072 3290 ι

260 3489 323 3556 cod.
344 3513 373 3575 a,
395 3499 603 3574 ρνοιίτοίιοαα
623 3512 688 3558 erse
708 3491 739 3575 d,
761 3492 926 3562 undeSill.
947 3512 1068 3576 veram,
1089 3499 1125 3559 ut
1146 3493 1200 3576 ait,
1222 3494 1356 3578 scriptu·

261 3624 323 3670 ram
342 3611 540 3696 composuit:
584 3611 705 3696 ‚fagum
726 3610 869 3674 muribus
900 3611 1114 3697 gratissimam
1137 3613 1238 3691 esse‚‘
1271 3609 1357 3674 unde

263 3729 455 3793 accusativus
476 3748 549 3793 cum
569 3726 725 3792 infinitivo
748 3735 841 3813 aptus
864 3729 916 3811 sit,
938 3728 1044 3792 dicere
1066 3728 1181 3792 omisit.
1203 3726 1318 3792 Melius
1330 3728 1355 3793 Ι.

264 3836 374 3925 ,fagum
399 3886 436 3897 -
459 3845 675 3931 gratissimum
704 3847 785 3926 est‚‘
829 3845 1019 3910 vocabulum
1052 3832 1090 3908 eo
1120 3864 1218 3908 sensu
1239 3862 1356 3908 novum

266 3953 407 4044 effingere
436 3982 543 4029 ausus.
591 3960 766 4026 Manifcato
801 3962 905 4046 prima
933 3961 1101 4047 proximae
1135 3935 1222 4024 vocis
1250 3959 1357 4024 littera
1434 3988 1436 3994 ¹

267 4071 366 4140 ultima
392 4079 515 4165 primae
543 4083 693 4164 corrupta
725 4084 758 4142 et
784 4077 858 4144 huic
887 4078 1036 4144 adiectivi
1069 4097 1163 4142 casus
1196 4078 1281 4143 male
1302 4098 1354 4143 ac·

267 4196 475 4261 commodatus
497 4194 566 4260 fuit.
610 4193 821 4260 scribendum
843 4200 909 4260 est:
1109 4269 1113 4274 ¹

535 4318 631 4392 sapas
650 4317 785 4377 maritus
804 4319 976 4392 ριαιαοίοιο
998 4325 1050 4379 ert.

338 4424 443 4495 Verbo
470 4449 587 4494 moneo
617 4431 644 4514 ξ.
667 4429 718 4497 20.
746 4434 852 4496 robori
886 4452 959 4496 cum
990 4431 1060 4499 cod.
1092 4430 1113 4494 d
1140 4452 1205 4497 non
1225 4436 1355 4516 propter

271 4531 350 4607 huius
362 4545 479 4611 codicis
498 4548 731 4630 auctoritatem,
753 4547 811 4613 aad
823 4555 955 4636 propter
977 4555 1154 4628 structurae
1176 4565 1354 4638 congruen-

273 4650 337 4722 ΕΜ
353 4683 408 4747 pro
427 4669 549 4730 roboris
568 4664 770 4730 scribendum
792 4685 876 4730 ease.
