3567 5559
673 565 774 639 talu
794 566 905 638 xm.
1272 563 1342 632 175

274 762 386 845 ‘uent3
411 752 476 829 illa
497 752 543 849 (i.
557 752 840 853 aweaeatau)
867 749 1117 827 iterationem
1143 749 1340 825 rerltlebatr

276 887 440 987 lapidem
467 887 584 964 fuisse
603 894 670 960 ‘reb
689 928 743 944 -·
762 885 976 962 arbitrarier
1002 891 1065 959 rel.

311 1037 398 1103 Tum
418 1059 574 1103 sermone
597 1038 724 1102 directo
746 1036 853 1102 addit:

272 1157 323 1232 In
350 1145 407 1231 his
429 1155 532 1231 lssrris
554 1147 692 1255 scripta
718 1142 823 1229 erant
843 1153 1098 1255 philosophiae
1119 1148 1339 1256 Pythagori-

277 1317 361 1386 cae,
384 1318 523 1393 eosque
546 1293 756 1392 combustos
781 1315 803 1365 a
824 1291 872 1390 Q
886 1289 1024 1365 Petilio
1046 1302 1232 1392 praetore,
1255 1291 1339 1392 quia

275 1428 536 1529 philosophiae
561 1427 700 1528 scripta
726 1439 863 1526 esseut.
940 1508 944 1518 ,
1324 1523 1328 1530 ¹

217 1561 355 1626 Ultima
376 1565 481 1630 verba
501 1564 548 1632 ita
568 1563 712 1649 prolerri
732 1565 883 1650 potuisse
901 1582 1007 1648 nego;
1028 1565 1083 1650 qui
1103 1563 1189 1637 enim
1212 1564 1338 1649 putabi-

216 1691 320 1759 utus,
349 1679 509 1746 lleminuc
533 1681 719 1758 orationem
740 1683 848 1748 medio
870 1700 977 1746 sensu
1000 1681 1046 1748 ita
1067 1701 1087 1746 a
1112 1682 1213 1749 Plinio
1235 1683 1338 1750 inter-

218 1797 349 1884 rumpi,
371 1809 406 1862 ut
425 1797 525 1865 tinem
540 1798 743 1866 narrationis
764 1796 897 1886 obliquo
919 1815 1075 1864 sermone
1096 1797 1171 1882 ipsc
1191 1800 1337 1884 adiiciat,

219 1935 331 2002 quum
358 1915 555 2003 praesertim
581 1915 705 2003 nullmu
729 1913 1020 2006 verbuml'finitum
1047 1917 1337 2002 aequanimitatis

219 2034 445 2100 accusativus
473 2031 527 2099 ille
554 2054 628 2126 curu
655 2032 816 2113 infinitivo
843 2032 975 2100 iunctus
990 2031 1155 2119 pendeat·
1196 2032 1338 2108 Accedit

219 2154 320 2241 quod
341 2153 374 2228 iu
397 2153 509 2221 cod.a
523 2173 662 2241 prorsus
684 2152 816 2232 desunt,
827 2150 906 2230 ¹iud
928 2149 1040 2216 mutila
1055 2148 1218 2238 leguntur.
1241 2150 1339 2236 Qua·

221 2283 369 2358 propter
389 2268 582 2360 inmargine
601 2253 913 2358 archetypiatldita
930 2264 1040 2335 tuisse
1062 2267 1227 2360 existimo,
1249 2269 1337 2338 uncle

223 2407 349 2452 manca
370 2396 405 2452 et
425 2385 621 2472 imperfecta
642 2385 676 2451 iu
697 2383 802 2480 libros
822 2383 899 2481 illos
923 2395 1062 2470 recepta
1081 2387 1158 2452 sint.
1185 2387 1337 2478 -Quodsi

223 2507 303 2592 quis
323 2527 384 2595 pro
407 2505 612 2590 glossemate
636 2502 726 2596 riputi
751 2504 896 2599 scribac.
910 2501 1037 2574 habere
1061 2504 1156 2586 velit,
1182 2506 1336 2595 suipra·

226 2623 306 2710 aigil
332 2622 468 2700 exitum,
489 2618 621 2708 qualem
641 2619 731 2704 apud
754 2619 1042 2714 [9913219929
1069 2621 1211 2712 legerat,
1233 2644 1333 2690 anno·

223 2753 299 2806 tare
320 2739 466 2824 libuerit,
485 2760 552 2804 non
572 2737 789 2804 vehementer
809 2741 1017 2826 repugnabo.
1047 2740 1204 2807 Praestat
1224 2755 1334 2808 tamen

224 2881 268 2926 ea
298 2858 450 2925 fortasse
478 2858 564 2924 ratio
590 2878 658 2944 ¹qua
685 2858 820 2923 sincera
849 2857 983 2944 quidem
1010 2857 1102 2923 Plinii
1129 2861 1335 2946 verbacsse

224 2979 443 3055 arbitremur,
465 2977 528 3042 seri
550 2976 737 3061 importuno
759 2976 834 3041 loco
854 2977 989 3043 inserta.
1033 2977 1170 3046 Scilicet
1190 2981 1266 3046 dum
1289 2981 1335 3046 ita

226 3096 460 3185 prosequitur:

275 3217 367 3291 Hoc
388 3214 487 3288 idem
510 3211 622 3288 tradit
644 3211 734 3288 Piso
758 3211 950 3288 censorius
972 3214 1091 3313 primo
1116 3225 1335 3318 commenta·

275 3350 433 3449 riorum,
459 3349 526 3449 sed
553 3348 665 3427 libros
687 3357 832 3449 septem
850 3348 942 3429 iuris
963 3350 1142 3452 pontificii
1167 3352 1335 3430 totidem-

277 3513 353 3586 que
374 3483 646 3584 Pythagoricos
659 3482 810 3575 ·luisse3
939 3469 943 3474 ¹

226 3621 292 3692 bue
313 3622 421 3689 rerba
441 3619 499 3689 illa
519 3620 700 3711 reiiaieutla
723 3639 802 3684 esse
821 3637 948 3687 censeo
969 3655 1010 3670 -··
1029 3621 1335 3716 empuaeumbrutop

226 3738 283 3807 rel.
305 3737 447 3807 Hemina
466 3737 554 3803 cuim
575 3735 656 3801 nibil
678 3735 722 3800 tle
734 3735 806 3804 iuro
820 3735 993 3825 pontificio
1004 3735 1098 3804 libris
1117 3738 1238 3816 retulit,
1256 3739 1334 3806 Piso

227 3861 384 3928 diversae
406 3855 528 3922 indolis
547 3854 652 3922 libros
673 3854 781 3921 faisse
802 3853 938 3946 monuit.
974 3853 1089 3935 Pergit
1112 3852 1253 3930 Pliniust

278 3975 490 4053 Tuditanus
502 3967 945 4072 quartutlecimollumae¹
955 3967 1188 4044 decmtoruu
1202 3968 1335 4064 iuiasea

274 4112 391 4186 libros
411 4106 609 4185 duodecim
628 4104 747 4180 luisse
769 4103 852 4202 ipse
870 4102 989 4177 Varro
1004 4101 1251 4180 humanarum
1273 4129 1336 4180 an·

273 4246 483 4346 tiquitatum
517 4223 695 4342 septimo,
717 4240 852 4316 Antias
880 4238 1045 4314 secundo
1076 4238 1189 4315 libror
1218 4240 1334 4316 inisse

272 4382 351 4458 XII
377 4373 626 4482 pontificales¹
642 4363 816 4468 Latinos,
848 4372 1003 4451 totidem
1031 4365 1200 4450 Graecos
1229 4397 1336 4474 prae·

272 4526 382 4616 cepta
407 4508 664 4615 philosophiae
690 4483 937 4645 continentes.¹
989 4505 992 4514 ’
1122 4495 1124 4505 ⁴
