3567 5559
706 587 870 653 tnerx
958 525 970 553 ι
1280 585 1343 652 159

275 772 402 848 currit
427 773 546 872 pedes
569 773 650 849 eins
674 774 751 848 feta
775 799 1019 874 praegravem
1046 783 1110 848 ant
1135 775 1341 850 delumbem

276 934 369 984 sese
391 907 566 983 simulans
593 915 656 981 rel.
694 977 698 981 ,

310 1060 467 1125 Verbum
489 1069 578 1124 metu
599 1060 667 1125 hoc
678 1058 754 1125 loen
770 1059 907 1125 tolerari
928 1083 994 1125 non
1009 1081 1114 1147 posse
1129 1062 1343 1125 consentiens

209 1191 277 1245 est
301 1179 381 1244 fere
402 1177 475 1243 VV.
492 1179 556 1244 DD
582 1180 748 1245 iudicium.
799 1182 885 1246 Nam
913 1203 980 1246 non
1008 1192 1097 1246 metu
1126 1183 1189 1246 sed
1209 1181 1345 1246 libidine

210 1302 438 1365 obcaecatas
458 1300 491 1362 in
506 1318 656 1382 aucupes
670 1300 801 1362 irruere
823 1301 978 1384 perdices
1002 1313 1034 1365 et
1056 1301 1129 1385 ipse
1144 1300 1269 1365 Plinius
1289 1301 1345 1364 do·

211 1430 283 1483 cet
309 1430 345 1482 et
355 1417 556 1482 Aristoteles
579 1440 676 1503 quern
700 1431 777 1483 ante
802 1419 921 1484 oculos
944 1420 1070 1504 habuit,
1091 1432 1236 1486 testatur
1256 1419 1343 1485 Hist.

212 1539 329 1603 anim.
343 1537 438 1604 lXS.
474 1538 573 1612 Quod
596 1541 651 1626 qui
673 1541 800 1624 primus
822 1542 1057 1606 animadvertit
1076 1541 1246 1606 Pintianus
1268 1563 1345 1625 pro-

213 1661 335 1722 bante
356 1656 565 1721 Schneidero
587 1658 630 1720 ad
652 1656 757 1725 Arist.
772 1659 860 1726 t.lll.
882 1681 913 1742 p.
927 1656 984 1736 68,
1010 1657 1209 1722 vocabulum
1231 1658 1345 1723 delere

214 1779 349 1856 voluit,
373 1777 559 1842 Salmasius
581 1801 614 1862 p.
628 1777 696 1842 152.
719 1779 751 1841 in
774 1777 863 1841 velat
883 1778 1021 1854 mutari,
1051 1776 1239 1840 llarduinus
1260 1779 1346 1840 initu

217 1895 452 1964 scribendum
474 1917 571 1974 esse,
601 1896 664 1960 etsi
689 1906 829 1980 propter
851 1895 1009 1958 librorum
1031 1914 1234 1958 consensum
1256 1894 1346 1957 dubi-

218 2014 405 2078 tabundus
431 2014 584 2079 coniecit
635 2013 682 2079 At
704 2033 786 2078 vern
809 2011 865 2075 hic
886 2033 1018 2098 quoqne
1042 2010 1213 2076 lenissimo
1237 2022 1345 2078 trans-

221 2133 414 2219 positionis
434 2133 581 2197 remedio
605 2131 762 2195 utendum
786 2140 838 2194 est
860 2142 894 2193 et
916 2129 1146 2194 scribendum:
1179 2171 1182 2176 -

272 2273 376 2337 saepe
397 2270 515 2313 caecae
530 2249 676 2313 sedeam.
697 2247 732 2313 S.
755 2271 785 2310 a.
806 2271 838 2313 n.
861 2248 881 2312 i.
902 2269 928 2314 c.
950 2270 980 2312 a.
1003 2270 1034 2313 a.
1053 2270 1088 2335 p.
1113 2271 1140 2311 e.
1157 2245 1238 2334 feta,
1261 2257 1348 2312 metu

275 2390 491 2462 praeppuvem
513 2389 581 2431 sese
601 2363 774 2443 simulans,

226 2492 250 2554 i.
278 2509 309 2554 e.
333 2497 472 2571 prepter
495 2495 616 2550 metum
640 2484 800 2548 simulans
823 2505 862 2548 se
884 2505 962 2549 esse
986 2505 1215 2570 praegravem.
1239 2485 1348 2550 Fesel-

227 2609 324 2701 leuat
347 2605 495 2669 scribam
518 2604 696 2667 verborum
720 2623 836 2665 caecae
858 2614 892 2667 et
912 2598 983 2687 feta
1003 2603 1035 2667 in
1054 2605 1209 2670 versibus
1230 2605 1349 2669 vicinis

227 2723 428 2792 similitudo.

661 2872 933 2967 173=aa,aa.
1370 2892 1431 2958 ns

288 3036 523 3108 Avertantur
558 3038 597 3102 et
622 3049 755 3119 canes,
787 3024 949 3123 phocae,
982 3021 1059 3122 lupi
1090 3021 1129 3096 in
1155 3021 1351 3122 medioque

294 3166 395 3241 coitu
416 3162 616 3262 invitique
644 3159 756 3236 etiam
776 3157 987 3233 cohaerent.

324 3318 464 3382 Fercem
478 3313 617 3378 alterum
636 3334 699 3403 que
715 3322 792 3398 post
806 3311 912 3390 inviti,
931 3312 959 3376 si
976 3312 1081 3376 verba
1101 3309 1218 3396 „inviti
1232 3309 1354 3375 etiam“

238 3439 369 3502 abesse
391 3445 541 3520 possent.
585 3400 747 3506 Quoniam
767 3450 848 3495 vero
868 3440 1014 3514 apparet
1038 3449 1078 3494 ea
1097 3429 1141 3493 ad
1156 3429 1354 3494 sententiam

240 3552 447 3640 explendam
469 3548 669 3616 necessaria
691 3566 781 3625 esse,
803 3544 978 3612 delendam
998 3549 1151 3635 copulam
1173 3567 1312 3614 censeo.

658 3738 732 3815 179
749 3738 947 3813 :ibidem
1375 3747 1436 3812 197

275 3897 428 3998 'Equus
457 3905 582 3971 autem
610 3901 696 3993 post
723 3888 873 3965 tertium
903 3888 1001 3962 diem
1030 3897 1094 3962 aut
1130 3897 1224 3994 post¹
1244 3912 1357 3964 unum

299 4037 345 4110 ab
368 4034 481 4110 enixu
506 4030 644 4108 utiliter
667 4025 808 4104 admitti
829 4034 959 4126 putant
981 4034 1190 4124 coguntque
1214 4022 1358 4124 invitas,

299 4182 340 4247 et
371 4169 505 4246 mulier
537 4166 695 4268 septimo
725 4164 787 4241 die
819 4163 1018 4263 concipere
1043 4161 1214 4240 facillima
1242 4165 1360 4242 credi-

297 4321 363 4384 tnr
387 4315 474 4380 rel'

332 4458 530 4543 Impeditum
562 4461 821 4537 corruptumque
847 4450 961 4517 locum
991 4471 1071 4517 esse
1102 4471 1178 4517 cunr
1208 4451 1263 4516 alii
1294 4461 1362 4514 turn

250 4579 426 4644 Pintianns
445 4576 608 4661 inprimis
627 4571 788 4639 intellexit
810 4591 991 4657 veramque
1004 4569 1260 4638 medendiuiam
1272 4586 1362 4632 mon-
