3567 5559
440 632 464 697 4
910 626 1088 745 bassatio.

442 814 653 882 Remanebat
678 825 789 881 tamen
819 813 963 881 molesta
989 816 1167 881 verborum
1202 816 1376 910 omniaque
1402 814 1484 883 haec
1507 819 1558 883 rei

441 932 590 1022 publicae
615 932 802 1000 collocatio.
850 934 965 1021 itaque
991 944 1168 1019 postquam
1196 936 1230 999 in
1256 936 1332 998 cod.
1358 935 1461 1019 Prag.
1488 916 1556 1022 legi

443 1054 594 1138 comperi
624 1052 716 1115 boec
741 1051 865 1115 reicis
893 1052 1024 1137 orabis,
1055 1054 1188 1119 omnino
1215 1051 1348 1119 Heraea
1374 1056 1554 1132 assentior,

442 1172 498 1257 qni
518 1170 610 1237 initio
632 1170 793 1234 enuntiati
813 1172 951 1235 verbnm
973 1193 1007 1233 es
1028 1169 1251 1255 supplendum
1271 1192 1349 1238 esse
1378 1173 1554 1239 existimat.

441 1291 528 1355 Nam
550 1309 569 1353 e
591 1307 670 1353 vcra
692 1290 861 1373 scriptura
881 1311 964 1351 naec
986 1310 1085 1351 nnlcls
1107 1308 1194 1352 soem
1215 1286 1315 1355 facile
1338 1292 1473 1357 evenire
1494 1316 1553 1379 po·

442 1408 521 1485 tuit,
547 1418 584 1473 nt
611 1407 718 1490 primo
747 1406 844 1473 fieret
869 1409 968 1493 reip.
990 1416 1039 1484 at,
1074 1407 1191 1471 deinde
1214 1410 1305 1493 qnod
1326 1410 1358 1473 in
1381 1412 1456 1477 cod.
1478 1432 1498 1477 a
1521 1422 1555 1476 et

440 1524 658 1591 Murbacensi
680 1524 838 1590 scribitur
857 1528 909 1589 rei
924 1534 1053 1612 praeest
1073 1536 1106 1590 et
1128 1527 1219 1610 quod
1240 1525 1340 1611 vulgo
1361 1526 1484 1613 legitur
1504 1531 1556 1592 rei

437 1641 587 1729 publicae
604 1651 646 1719 et,
668 1644 869 1727 compendio
892 1644 982 1731 quod
1005 1655 1181 1721 seseante
1204 1643 1322 1710 oculos
1343 1646 1471 1712 habere
1494 1668 1551 1731 pu-

439 1763 555 1827 tabant
568 1760 694 1825 librarii
709 1761 797 1827 male
812 1762 955 1847 expleto.
990 1760 1149 1829 Eiusdem
1164 1762 1289 1830 Heraei
1306 1768 1551 1833 coniecturam:

439 1902 581 1945 nomen
609 1880 717 1943 erasi
742 1877 815 1943 boc
844 1878 935 1944 albo
971 1881 999 1967 §.
1016 1880 1047 1946 6.
1077 1881 1179 1948 valde
1208 1864 1416 1967 p'robabilem
1443 1887 1550 1963 duco;

438 1998 588 2065 fortasse
610 1999 709 2065 etiam
732 1999 805 2087 §.7.
826 2000 979 2067 lacunam
1001 2012 1094 2067 recte
1115 1999 1295 2089 indagavit.

401 2212 418 2276 1
975 2188 1012 2262 9.

489 2360 584 2433 (ium
610 2355 709 2456 apud
736 2356 914 2431 Catonem
940 2354 1044 2431 iilum
1074 2355 1230 2432 ambitus
1257 2359 1400 2431 hostem
1428 2367 1467 2430 et
1489 2383 1548 2431 re·

485 2493 604 2594 pulsis
625 2501 806 2590 tamquam
828 2490 1030 2566 honoribus
1055 2491 1217 2590 indeptis
1242 2490 1463 2591 gaudentem
1482 2492 1550 2566 fla-

486 2616 676 2731 grantibus
703 2625 861 2703 comitiis
885 2625 1063 2727 pecunias
1091 2626 1321 2726 deponerent
1351 2625 1547 2722 candidati,

485 2768 557 2842 hoc
582 2766 772 2841 sefacere
800 2763 899 2862 quod
926 2771 1002 2837 tum
1030 2788 1111 2863 pro
1137 2762 1409 2841 innocentia
1433 2767 1547 2840 rebus

484 2900 652 2977 humanis
678 2924 861 2975 summurn
888 2908 990 2976 esset
1012 2902 1292 3001 profitebantur.

518 3068 702 3136 vocabulis
729 3068 817 3155 qoud
843 3078 912 3132 mm
945 3090 965 3135 a
987 3068 1113 3157 Silligio
1136 3090 1155 3136 e
1177 3070 1271 3137 libris
1292 3070 1376 3137 Mss.
1398 3071 1548 3154 receptis

432 3188 538 3255 verba
545 3185 650 3266 Plinii,
664 3197 699 3251 ut
708 3207 797 3251 nunc
811 3186 944 3272 quidem
957 3188 1125 3273 leguntur,
1134 3209 1259 3253 -nam
1271 3189 1371 3273 vulgo
1386 3190 1432 3253 ita
1446 3188 1546 3255 inter·

432 3305 546 3391 palata
555 3314 666 3371 erantr
676 3324 738 3391 pro
749 3304 950 3389 innocentio,
959 3303 1047 3391 quod
1056 3303 1113 3370 rol.
1126 3340 1166 3351 —
1177 3324 1282 3370 sensu
1294 3313 1421 3370 carent.
1436 3305 1545 3399 Quem

431 3426 489 3492 nbi
512 3424 579 3491 levi
612 3422 875 3507 transpositione
893 3419 987 3487 facta
1008 3421 1187 3507 scripseris
1218 3422 1455 3487 innocentia
1475 3444 1545 3510 pro

432 3539 714 3627 elegantissimum
724 3541 967 3608 nanciscemur.
989 3539 1118 3607 Catone
1134 3540 1221 3607 enim
1232 3550 1391 3629 praetore
1402 3539 1543 3607 anco.

431 3662 638 3741 innocentia,
658 3658 789 3747 qualem
812 3660 943 3746 quidem
964 3680 1021 3727 res
1038 3659 1203 3725 humanae
1216 3659 1385 3741 serebant,
1405 3680 1545 3726 revera

430 3783 464 3848 in
490 3802 530 3849 ra
556 3779 693 3866 publica
719 3800 881 3845 summum
910 3779 1022 3845 locum
1050 3779 1237 3859 obtinebat,
1274 3789 1373 3865 atque
1402 3779 1545 3865 perditis

431 3901 611 3967 ambitione
626 3908 659 3964 ct
668 3897 901 3983 largitionibus
911 3899 1030 3964 civium
1043 3899 1202 3982 moribus,
1214 3908 1398 3982 temporum
1411 3896 1543 3963 ratione

320 4079 324 4089 ,
429 4018 544 4083 habita
567 4015 625 4083 ilia
650 4018 851 4102 praesertim
875 4018 1019 4083 omnium
1040 4018 1195 4083 virtutum
1221 4028 1255 4082 et
1276 4034 1404 4081 summa
1426 4026 1460 4081 et
1486 4035 1544 4081 ra—

428 4139 561 4204 rissima
574 4136 693 4201 merito
710 4136 897 4204 videbatur.
930 4136 1042 4222 Atque
1062 4135 1152 4201 hanc
1172 4116 1281 4220 ipsam
1302 4154 1439 4203 cansam
1462 4154 1543 4201 esse

353 4316 356 4321 .
428 4255 672 4342 profitebantur
683 4255 851 4321 candidati
865 4274 964 4340 quum
981 4255 1129 4339 grandes
1142 4256 1304 4341 pecunias
1316 4252 1439 4341 singuli
1451 4256 1543 4340 apud

430 4372 592 4439 Catonem
615 4373 824 4458 deponerent
844 4375 942 4459 eique
963 4372 1104 4438 liberum
1126 4371 1249 4440 multae
1270 4370 1442 4440 arbitrium
1463 4393 1542 4459 per·

428 4494 612 4576 mitterent,
643 4491 672 4557 si
693 4490 768 4578 quis
788 4490 949 4578 populum
970 4490 1165 4576 corrupisse
1183 4491 1371 4571 videretum
1403 4491 1446 4560 of.
1469 4490 1539 4561 Cic.

426 4613 471 4679 ad
491 4610 555 4690 Qu
570 4609 612 4681 fr.
634 4610 673 4677 lt
683 4608 725 4677 15
730 4654 743 4690 ,
764 4608 889 4679 Piutv.
902 4608 1061 4693 Cattnin.
1073 4608 1126 4677 m.
