3567 5559
916 537 946 590 0.

437 669 499 740 1³0
880 675 1107 740 suornm.

488 889 663 968 asperare
689 875 726 946 et
751 871 898 965 tussim3
923 870 1034 949 bilem
1060 871 1204 972 pellunt
1229 873 1308 972 poti
1332 870 1399 948 rel.

399 1021 404 1028 '
522 1007 566 1070 At
586 1003 662 1090 quid
684 1005 729 1070 sit
751 1005 893 1072 Dioscor.
915 1007 940 1069 1.
962 1004 1024 1071 88?
1044 1024 1161 1090 nempe
1182 1001 1365 1094 cippritoom
1383 1005 1549 1077 παλαιαῖς

435 1124 528 1208 dorin
555 1122 670 1208 itaque
692 1122 808 1206 copula
834 1121 1031 1206 transpositu
1057 1121 1263 1186 scribendum
1288 1129 1357 1186 ost:
1393 1126 1503 1185 luerim
1522 1131 1549 1181 et

437 1241 521 1304 arem
539 1243 654 1319 pellunt
672 1237 728 1302 rel
783 1333 786 1342 1

354 1371 442 1490 507'
859 1377 928 1450 144
954 1395 993 1431 =
1020 1378 1117 1464 8:15.

487 1503 610 1582 Nuces
631 1506 740 1606 ‘ipsae
760 1503 1002 1606 (amygdalae
1017 1509 1182 1600 amarae)
1197 1547 1289 1560 —··—
1325 1504 1541 1603 sanguinem

486 1635 620 1714 sistunt
646 1661 729 1714 cnm
749 1634 871 1736 amylo
901 1644 937 1714 et
963 1643 1097 1727 menta,
1123 1634 1340 1734 lethargicis
1367 1644 1405 1712 et
1430 1636 1539 1714 corm-

487 1765 643 1852 tialibus'
661 1777 835 1871 prosunt,
870 1769 990 1869 capite
1015 1774 1195 1868 peruncto
1222 1769 1459 1868 epinyctidas
1484 1790 1539 1846 sa·

486 1907 594 1992 nant,
634 1925 655 1980 e
681 1903 768 1980 vino
797 1909 924 1980 vetera
950 1901 1076 1980 ulcera
1101 1901 1373 2008 putrescentia,
1395 1923 1537 1978 ‘moun

484 2057 630 2113 morsus
657 2057 740 2113 cum
767 2034 877 2112 mallo
910 2042 948 2112 et
972 2033 1132 2111 furfures
1156 2020 1206 2111 err
1229 2034 1327 2113 faeie
1352 2043 1440 2112 ante
1464 2034 1535 2113 loto

483 2177 702 2268 praeparata
721 2167 787 2245 rel.

518 2301 614 2365 Plura
640 2301 673 2366 in
701 2299 764 2366 hoc
797 2299 902 2384 capite
939 2298 1057 2364 menda
1082 2298 1252 2363 Pintianns
1291 2297 1534 2386 deprehendisse

435 2414 497 2480 sibi
523 2415 611 2480 risus
641 2424 711 2501 est,
753 2417 799 2482 ita
824 2424 934 2482 tamen
962 2423 998 2480 nt
1026 2416 1067 2480 de
1095 2417 1162 2480 suis
1190 2417 1261 2502 ipse
1290 2417 1533 2483 dubitationibus

435 2531 606 2599 dubitaret.
669 2535 702 2600 Is
745 2541 852 2599 autem
895 2554 990 2621 quem
1040 2533 1269 2619 adscripsimus
1311 2535 1405 2602 locus
1446 2535 1533 2599 intor-

434 2653 607 2738 punctione
656 2662 798 2720 correcta
846 2671 919 2718 enm
959 2651 1149 2718 Dioscorida
1195 2652 1346 2719 facillime
1394 2653 1530 2720 concilia·

435 2769 528 2836 stur.
570 2777 707 2858 βοηθεῖ,
745 2772 788 2835 ait
829 2771 854 2835 1.
888 2759 963 2852 llll,
986 2817 994 2834 .
1018 2822 1055 2836 ..
1097 2769 1182 2855 πρὸς
1226 2766 1440 2850 ἕπινυκτίὸας
1478 2773 1530 2838 otis

436 2889 525 2978 οἴνῳ·
555 2891 638 2976 πρὸς
660 2891 706 2955 δὲ’
722 2888 909 2974 σηπεδόνας
941 2893 997 2953 καὶ
1018 2885 1162 2974 tortirac
1182 2893 1240 2964 καὶ,
1266 2890 1451 2976 κυνόδηκτα
1476 2889 1527 2955 oris

433 3009 547 3093 μέλιτι.
571 3007 668 3073 Hand
691 3007 906 3093 dubioigitur
927 3005 1023 3070 scribi
1045 2988 1186 3091 oportatz
1209 3012 1246 3070 Ν.
1270 3012 1288 3069 i.
1311 3054 1318 3071 .
1341 3055 1350 3073 .
1372 3027 1397 3073 s.
1417 3029 1441 3072 s.
1461 3025 1484 3072 c.
1500 3027 1524 3068 o.
1592 2936 1594 3095 l

316 3205 324 3214 .
433 3144 458 3189 c.
479 3138 593 3208 mento,
614 3130 786 3203 letbnrpr'cr's
808 3145 832 3189 e.
849 3131 880 3188 ἐ.
901 3135 1031 3204 prosunt
1052 3143 1078 3188 o.
1093 3135 1254 3206 pernimio,
1277 3129 1464 3206 epinyctidas
1482 3145 1523 3187 so·

432 3253 507 3306 nont
525 3263 542 3304 e
563 3249 632 3308 otoo
659 3253 757 3307 oetas
780 3241 844 3322 (ita
865 3247 953 3306 recte
974 3242 1042 3307 Ian.
1065 3260 1107 3305 ex
1129 3241 1257 3327 optimis
1278 3241 1400 3327 libris),
1431 3266 1458 3309 n.
1474 3263 1521 3323 pa·
1591 3250 1592 3259 ’

352 3417 355 3424 ,
432 3366 602 3443 trescentis,
625 3381 733 3426 conum
754 3380 872 3424 morsus
893 3379 960 3424 cum
980 3364 1072 3436 melle,
1096 3371 1126 3422 et
1143 3363 1282 3436 furfures
1302 3359 1361 3425 rel.

349 3574 412 3647 503
483 3606 489 3618 ,
851 3513 1000 3608 '150=
1013 3533 1110 3621 aas.
1590 3600 1591 3635 ,

480 3662 603 3742 Nuces
630 3660 823 3740 abellanae
938 3663 1084 3767 corpori
1112 3670 1148 3741 et
1174 3661 1423 3764 pinguitudini
1436 3667 1530 3768 ¹con·

480 3798 601 3875 lerunt
627 3796 711 3900 plus
738 3819 847 3897 qnam
873 3797 921 3873 sit
947 3797 1025 3872 veri
1045 3795 1174 3876 simile.
1228 3794 1309 3873 Hae
1336 3803 1452 3874 tostae
1464 3793 1515 3872 rel.
1590 3798 1591 3829 l

381 3967 395 3988 ο
479 3937 602 4012 corpori
622 3945 651 3996 et
667 3928 956 4014 piapsitudisiaT
978 3927 1016 4010 d,
1038 3935 1162 4009 corpori
1183 3939 1212 3992 et
1232 3935 1261 3993 in
1279 3926 1515 4010 pinpnitadisil

429 4047 450 4111 i.
473 4067 501 4110 e.
523 4055 648 4128 corpori
667 4061 697 4112 et
717 4055 747 4112 ia
765 4053 1012 4138 pispiritudinem,
1037 4046 1123 4133 quod
1144 4046 1207 4110 iam
1225 4046 1387 4110 Gronovio
1407 4046 1514 4110 videtur

429 4163 589 4249 placuisse
619 4164 711 4249 (nom
733 4171 839 4232 utrum
860 4177 888 4228 et
911 4164 1018 4230 deleat
1038 4185 1080 4229 an
1102 4164 1241 4229 retineat
1262 4184 1280 4227 e
1302 4162 1407 4228 verbis
1427 4163 1510 4248 ipsine

428 4300 493 4345 non
515 4287 671 4362 constat).
703 4281 785 4345 Tum
806 4293 875 4344 rarat
893 4287 1047 4346 verisimile
1068 4294 1113 4345 est
1132 4293 1177 4346 est
1203 4293 1289 4346 ortae
1302 4280 1347 4363 V,
1370 4283 1512 4343 saiands

432 4402 541 4463 Poetae
561 4418 590 4482 a,
611 4405 651 4462 sit
672 4404 837 4462 verisimile.
860 4403 928 4461 Hae
952 4403 1047 4478 (bueo
1065 4399 1103 4479 d)
1129 4411 1227 4464 tostos
1246 4398 1316 4479 Td,
1334 4396 1417 4461 unda
1436 4395 1509 4462 codd.
1588 4402 1589 4411 ²

427 4524 496 4618 net
517 4517 547 4582 V
567 4519 650 4582 inter
679 4536 714 4580 sc
735 4517 928 4600 comparatis
948 4517 1103 4582 efficiunt
1137 4523 1208 4598 plus
1234 4537 1324 4595 quom
1349 4520 1410 4578 ocri
1433 4519 1509 4578 simile

426 4647 479 4707 esa
505 4639 620 4710 Pastas·
634 4635 689 4705 rid
710 4633 970 4717 -§,1bdcum
992 4633 1058 4698 aV
1079 4654 1139 4702 sor.
1158 4633 1376 4716 pota,fl.159
1396 4633 1506 4703 alatrum
