3567 5559
410 701 474 769 164
827 703 918 766 liner
945 703 1101 766 XXVIII.
1156 717 1161 733 ¹
1253 798 1257 804 Ι

411 905 466 965 atii
485 899 610 983 elionit,
643 900 722 966 setis
745 897 874 986 quidem
895 899 949 965 ille
971 898 1146 984 sagaciter,
1175 900 1234 965 sed
1259 906 1405 965 eatenus
1434 895 1530 976 labus
1619 943 1620 950 r

411 1018 498 1104 quod
523 1017 701 1104 buprestim
734 995 864 1085 omisit.⁴
893 1017 977 1080 Nam
1007 1023 1040 1083 et
1068 1037 1106 1081 eo
1141 1017 1300 1082 Scribonii
1322 1015 1435 1102 Largi
1465 1015 1532 1079 loeo

397 1137 505 1221 'quem
526 1132 627 1199 Hard.
650 1136 757 1201 attulit
778 1134 961 1220 eomp.190
983 1133 1032 1197 lao
1054 1135 1095 1198 ad
1117 1135 1294 1220 buprestim
1315 1135 1439 1202 valere
1462 1131 1534 1195 dioi-

411 1260 463 1320 tur
484 1261 517 1318 et
532 1274 552 1318 a
565 1253 669 1318 Plinio
678 1251 803 1317 XXIII.
826 1252 877 1334 30,
900 1249 1093 1318 xxixnoo
1116 1254 1200 1317 inter
1221 1273 1354 1319 venena
1368 1251 1536 1335 buprestis

411 1376 623 1435 enumeretur.
667 1368 772 1444 Quum
799 1374 969 1455 praeterea
994 1369 1165 1460 plurimum
1187 1369 1290 1434 oodioi
1311 1369 1363 1434 R²
1389 1367 1535 1432 tribuen-

411 1486 487 1552 dnm
508 1506 581 1551 esse
602 1486 760 1568 videatur,
783 1485 987 1551 scribendum
1010 1493 1060 1550 est
1081 1485 1169 1551 haud
1192 1487 1304 1552 dubie:
1474 1471 1478 1476 ⁸

452 1609 622 1686 buprestim,
644 1613 682 1668 ut
705 1610 777 1669 atii
805 1608 868 1686 (so.
890 1602 1051 1685 tradunt),
1074 1614 1107 1668 ut
1128 1610 1311 1682 Aristoteles,
1344 1606 1537 1686 dorycnium

454 1722 520 1806 (sio
540 1728 629 1786 rente
650 1723 717 1788 Iun.
740 1742 758 1785 e
780 1719 933 1798 oodd.).·

863 1844 1077 1928 76:722.

328 1877 390 1956 affl
460 1969 620 2047 Mulieris
647 1993 797 2070 quoque
819 1969 986 2046 'salivam
1025 1971 1169 2047 ieiunae
1211 1979 1410 2071 potentem
1443 1969 1535 2045 diiu-

461 2105 586 2181 dicant
612 2103 810 2180 cruentatis
838 2103 969 2181 oculis,

492 2236 609 2301 Nescio
632 2256 688 2300 our
709 2235 861 2348 librorum
873 2236 966 2301 MSS.
989 2237 1147 2321 scriptura
1162 2243 1292 2301 insulsam
1319 2243 1449 2310 limana
1459 2233 1534 2313 1³¹),

411 2354 451 2420 ab
475 2351 651 2418 editoribus
674 2359 783 2438 spreta
805 2354 846 2417 sit
867 2354 938 2418 loeo
962 2353 1120 2418 simillimo
1144 2354 1173 2439 §.
1196 2355 1236 2422 35
1259 2328 1486 2421 corroboretd.

328 2525 389 2598 604
856 2514 903 2584 79
920 2539 954 2569 =
968 2511 1064 2596 223.

460 2645 666 2717 sementem
694 2656 862 2742 (sementim
882 2663 970 2721 reete
991 2655 1099 2740 Ianus,
1122 2665 1266 2722 sementia
1287 2657 1402 2736 oodd.)
1430 2638 1528 2716 essim

329 2871 334 2877 μ
459 2796 650 2865 arescere,
677 2775 764 2851 item
792 2773 963 2852 novellas
991 2770 1111 2864 [uites]
1140 2777 1220 2852 eius
1247 2782 1347 2852 taotu
1375 2775 1414 2851 in
1444 2792 1526 2874 per·

459 2914 611 3008 petuam
639 2905 758 2997 laedi,
797 2913 914 2983 rutam
943 2913 979 2982 et
1005 2904 1200 2997 hederam,
1229 2930 1288 2984 res
1315 2905 1527 2984 medicatis-

460 3039 593 3131 simaS,
617 3037 703 3117 ilico
730 3041 833 3121 mori.

494 3169 545 3234 De
566 3171 752 3236 mulieribus
783 3171 1032 3236 menstrualibus
1064 3172 1220 3257 loquitur,
1253 3192 1336 3258 quae
1370 3171 1523 3253 ,nudatae

411 3292 554 3369 segetem
591 3288 763 3371 ambiant‘,
797 3309 866 3374 ‚per
892 3289 999 3354 media
1028 3291 1116 3355 arve‘
1149 3290 1182 3353 in
1206 3288 1416 3376 Cappadocia
1438 3288 1523 3365 eant,

410 3403 521 3466 vineas
542 3424 607 3469 non
630 3414 869 3474 commemorat.
890 3406 1004 3492 Neque
1026 3407 1057 3470 in
1081 3405 1169 3470 libris
1191 3405 1283 3471 MSS.
1306 3406 1521 3482 nominantur,

410 3518 565 3604 equibus
585 3520 658 3585 VR
696 3524 824 3589 evonis
853 3525 1019 3610 proximae
1051 3523 1142 3589 initio
1164 3530 1294 3605 movete,
1326 3523 1382 3588 Td
1403 3526 1522 3605 novellu

411 3637 579 3722 exhibent,
616 3639 701 3728 quod
728 3640 1080 3726 ipsum¹reoipiendum
1095 3686 1097 3690 -
1111 3617 1190 3706 erat.
1233 3639 1383 3706 Ut'enim
1407 3641 1437 3726 §.
1465 3639 1522 3707 124

411 3765 449 3822 de
467 3765 589 3823 novellis
611 3779 664 3838 so,
676 3759 775 3843 pratis
789 3759 937 3844 legimus,
959 3759 1005 3822 ita
1025 3757 1077 3822 hio
1094 3779 1221 3844 quoque
1234 3759 1351 3824 omisso
1368 3759 1423 3823 illo
1437 3754 1520 3845 quod

410 3876 503 3940 oodd.
526 3878 716 3942 anctoritate
739 3876 931 3958 destituitur,
954 3874 1109 3940 voeabula
1126 3882 1198 3940 nites
1218 3877 1391 3961 legendum
1414 3884 1480 3941 est:

337 4025 344 4036 ·
455 4000 522 4057 item
545 4001 660 4058 nouettn
682 4001 746 4059 eins
764 3995 820 4058 rel.

329 4162 390 4229 605
576 4111 583 4118 ¹
826 4133 874 4208 83
887 4128 1095 4205 :ibidem

461 4256 583 4334 Sotira
633 4260 813 4336 obstetrix
862 4260 1029 4337 tertianis
1082 4258 1376 4336 efficacissimum
1430 4259 1517 4336 dixit

464 4389 666 4490 (sanguine
716 4397 937 4486 menstruo).
978 4393 1124 4500 plantas
1166 4390 1291 4492 aegris
1329 4391 1518 4490 supterlini

459 4524 650 4624 multoque
677 4522 865 4600 efficacius
892 4525 938 4602 ab
965 4527 1048 4626 ipsa
1072 4524 1225 4604 muliere
1253 4531 1289 4600 et
1316 4525 1514 4624 ignorenti;

460 4662 515 4736 sie
541 4657 606 4736 rel.
947 4659 951 4670 '
