3567 5559
698 713 788 775 Liber
807 714 934 776 XXXI.
1311 717 1372 786 195

349 908 639 994 praepositisque
659 927 768 972 cerere
789 928 854 973 uon
878 929 1063 993 possumus,
1087 931 1106 975 e
1126 931 1206 982 rece
1227 915 1374 1000 proxime

261 1047 331 1091 uns
354 1026 464 1090 littera
484 1027 622 1112 repetita
642 1026 836 1090 restituitur:
865 1031 1029 1105 domosque
1049 1050 1065 1091 e
1085 1037 1199 1096 mauu,

586 1199 591 1218 ι
712 1164 919 1251 852241.
1394 1177 1456 1252 698

313 1292 553 1372 Sclsissimus
579 1291 635 1369 sal
658 1293 723 1392 qui
747 1294 992 1384 siccissimus,
1026 1298 1268 1376 suavissimus
1295 1323 1374 1378 om-

313 1428 418 1502 nium
431 1425 650 1504 Tarentinus
675 1432 786 1524 atque
800 1427 1095 1521 carrdidissimus
1123 1437 1159 1508 et
1180 1433 1227 1508 de
1247 1439 1372 1511 cetero

313 1558 459 1661 lingilis
486 1559 549 1658 qui
576 1550 954 1652 maxime'ccndidus
1230 1557 1240 1572 '

350 1704 451 1758 cetero
472 1691 541 1756 Ian.
564 1710 582 1753 e
605 1689 724 1755 VR¹d
744 1692 797 1755 cui
815 1694 1007 1758 assentirem
1030 1696 1091 1760 nisi
1113 1697 1184 1762 cod.
1198 1698 1243 1762 R²
1265 1706 1373 1764 eucte-

258 1833 336 1877 rem
357 1812 450 1897 sequi
477 1810 620 1893 mollem3
660 1821 690 1873 et
710 1808 796 1873 houd
823 1808 920 1874 dubie
947 1814 1135 1879 mutandum
1163 1816 1305 1899 videtin,
1338 1823 1374 1883 ut

258 1934 411 2016 legetur:
431 1934 666 1995 modicenses
686 1939 757 2010 est,
778 1931 823 1991 de
847 1940 946 1992 cetero
969 1931 1025 1994 rel.

756 2077 890 2146 Ibidem.

313 2201 358 2278 ln
390 2201 477 2300 igne
518 2223 590 2278 nec
605 2293 608 2297 ¹
626 2201 780 2300 crepitat
816 2223 887 2276 nee
921 2200 1043 2277 exsilit
1069 2201 1300 2302 'lrcgcsaeus
1325 2245 1372 2262 -
1394 2218 1456 2288 699

315 2358 389 2412 nec
415 2332 525 2411 ullius
552 2357 682 2435 spuma
706 2339 769 2409 aut
793 2341 997 2410 ramentum
1028 2342 1091 2412 aut
1116 2337 1250 2413 tenuis,

292 2483 296 2487 ·
350 2472 428 2531 ullus
440 2465 467 2530 Τ
479 2466 509 2529 V
523 2466 578 2550 Rl,
599 2472 731 2530 ramento
750 2486 872 2549 omues,
892 2473 978 2532 recte
994 2468 1034 2534 eb
1048 2470 1072 2533 I.
1087 2476 1227 2554 recepto,
1242 2469 1374 2536 habent.

261 2585 402 2650 Collatis
425 2583 473 2670 ἐξ.
496 2586 555 2668 74,
576 2585 617 2653 76
648 2592 679 2648 et
707 2583 924 2670 dittographic
951 2584 1058 2648 deleta
1079 2587 1281 2652 scribendum
1305 2594 1372 2654 est:

261 2716 320 2768 aut
341 2714 478 2767 ramento
503 2709 608 2766 mois.

588 2859 801 2946 87:731,
839 2854 908 2948 (de
936 2855 1050 2950 sale).
1146 2859 1149 2866 '
1386 2882 1456 2954 ,700

316 2991 491 3070 conditur
521 2989 630 3066 etiam
664 2988 843 3065 odoribus
880 2988 1078 3066 additis-
1093 3031 1151 3081 -‚
1180 2991 1228 3066 ita
1261 2991 1372 3067 utsii

314 3123 513 3227 peculiaris
540 3147 588 3200 ex
616 3145 661 3200 eo
688 3119 899 3197 intellectus
933 3122 1028 3198 inter
1059 3123 1251 3200 innumera
1283 3146 1373 3202 con-

317 3258 480 3335 dimento
517 3253 685 3335 [iterum]
715 3254 752 3329 in
779 3254 1001 3345 mandendo,
1028 3257 1217 3354 quaesitus
1243 3281 1347 3358 garo.

350 3389 507 3455 Homines
521 3411 593 3455 cum
614 3390 729 3453 iterum
742 3387 895 3451 mandere
907 3408 971 3451 non
985 3387 1110 3452 soleant
1123 3379 1227 3476 neque
1249 3413 1372 3479 garum,

264 3507 355 3597 quod
378 3509 519 3595 ,liquoris
541 3505 691 3592 exquisiti
713 3506 825 3591 geuus‘
848 3505 929 3589 §.93
951 3516 1091 3591 vocetur,
1113 3510 1221 3574 mandi
1244 3511 1384 3574 omnino·

265 3629 386 3716 possit,
414 3627 557 3714 sequitur
580 3644 676 3711 quam
697 3621 866 3688 lectionem
890 3624 955 3691 Sill.
980 3644 997 3687 e
1019 3625 1107 3689 libris
1129 3626 1219 3693 MSS.
1242 3629 1373 3713 recepit,

267 3768 342 3822 cam
364 3745 440 3809 ferri
464 3766 527 3808 non
550 3737 655 3828 posse.
677 3741 808 3805 Nolani
831 3740 959 3818 quidem
977 3741 1170 3825 coniectura,
1192 3765 1255 3829 quc
1276 3745 1372 3808 inter·

265 3864 441 3949 punctione
463 3868 607 3926 correcta
628 3863 744 3923 interim
765 3857 786 3920 i.
809 3878 837 3921 e.
861 3859 1021 3922 interdum
1044 3860 1139 3923 scribi
1161 3860 1277 3944 voluit,
1307 3847 1373 3926 rem

268 3980 393 4045 absolvi
424 3980 611 4065 putaverim.
660 3977 743 4041 Nam
769 3997 832 4040 non
861 3976 1023 4041 interdum
1052 3976 1109 4040 sed
1143 3998 1270 4065 semper
1298 3981 1375 4046 solis

267 4119 417 4185 saporem
438 4097 573 4182 intelligi
595 4097 627 4160 in
649 4094 832 4159 mandendo
856 4101 998 4180 apparet.
1020 4093 1093 4159 Non
1115 4097 1303 4163 mutandum
1326 4107 1375 4165 est

269 4217 460 4283 vocobulum
481 4217 625 4300 ineptum
651 4213 713 4287 sed
733 4213 924 4299 delendum,
959 4214 1115 4280 elitteris
1144 4217 1300 4282 similibus
1327 4225 1372 4282 ic·

237 4317 245 4338 ’
269 4344 365 4402 terion
387 4356 469 4420 quoe
492 4334 631 4399 eundem
652 4332 720 4396 fere
741 4353 852 4397 versus
874 4332 1048 4417 superioris
1070 4334 1176 4399 locum
1198 4355 1374 4420 occupasse

269 4455 433 4543 putandus
461 4458 551 4535 sunt,
581 4453 666 4516 mule
692 4453 873 4537 repetitum.
916 4453 954 4515 In
975 4451 1121 4538 proximo
1143 4473 1240 4518 sensu
1261 4454 1373 4518 vitium

269 4575 377 4642 astu
399 4572 504 4639 Plinio
525 4571 692 4636 obtrusum
714 4571 755 4636 ab
775 4570 855 4635 Iano
873 4570 987 4634 merito
1011 4572 1179 4652 expulsum
1202 4559 1297 4655 quom
1319 4592 1375 4635 cne

267 4697 389 4780 tiquum
418 4693 475 4774 sit,
497 4689 613 4757 Isidori
638 4691 709 4755 loco
730 4688 819 4756 XVI.
840 4689 862 4757 2
887 4689 1125 4753 demonstratur
1152 4690 1217 4775 qui,
1239 4689 1373 4753 multum

1119 4807 1187 4917 o*
