3567 5559
706 745 798 806 liter
815 745 950 810 XXXV.
1307 741 1378 812 225

249 937 401 1022 campio
423 937 468 1019 V,
503 957 524 1000 a
544 936 612 1001 Sili
633 937 665 1002 K
686 939 881 1024 appellatur,
909 960 950 1003 ex
971 951 1056 1004 creto
1086 940 1231 1024 scripsit,
1264 941 1378 1005 melino

250 1059 383 1118 tamen
403 1074 424 1117 e
442 1065 527 1119 oeeio
559 1057 750 1141 scripsisset.
791 1056 876 1120 Nam
908 1075 972 1120 non
1004 1077 1107 1122 novus
1135 1057 1222 1121 color
1252 1063 1380 1143 praeter

251 1171 460 1256 Appiannm
481 1172 682 1255 nominatur,
715 1173 775 1238 sed
796 1194 814 1237 e
836 1173 962 1240 dnobus
991 1175 1124 1268 novistis
1157 1175 1250 1240 viridi
1279 1175 1379 1240 attero

251 1288 522 1354 candidosltero
532 1290 716 1375 Appianum
728 1311 747 1354 e
759 1299 848 1356 oreta
857 1292 950 1358 viridi
970 1294 1040 1359 fieri
1062 1293 1186 1365 dieitur.
1206 1293 1381 1358 Praetores

251 1427 353 1472 num
375 1408 554 1491 ,sestertiis‘
580 1429 639 1494 per
659 1429 695 1474 se
719 1410 859 1494 positum
881 1411 1021 1476 sufficiat
1052 1411 1093 1474 ad
1115 1411 1380 1491 aestimationem,

253 1546 373 1612 quum
396 1525 473 1590 alibi
504 1526 592 1592 velut
612 1525 734 1594 XVIII.
757 1528 835 1610 130,
855 1527 991 1593 XXXV.
1015 1530 1056 1598 37
1090 1535 1200 1612 anysii
1235 1528 1382 1611 addatur,

256 1643 398 1709 dubito.
441 1643 556 1710 Bamb.
588 1651 697 1708 autem
733 1653 862 1710 sestertii
888 1646 1002 1730 habet,
1035 1647 1294 1713 terrentii
1331 1646 1383 1712 vel

255 1767 418 1827 sestertiis
441 1767 528 1829 tine.

709 1851 755 1924 49
791 1875 816 1904 ²
847 1851 943 1938 nsi.
1403 1879 1462 1952 771

326 1979 443 2057 Cerae
468 1977 661 2078 tinguntur
687 1978 819 2055 iisdem
845 1979 903 2055 his
942 1977 1129 2058 coloribus
1156 1979 1203 2056 ad
1238 2001 1302 2056 eas
1329 1978 1384 2079 pi-

326 2117 451 2188 cturas
479 2133 574 2209 quae
599 2111 807 2201 inuruntur,
848 2113 969 2189 alieno
1005 2113 1204 2212 parietibus
1243 2133 1383 2212 genere
1458 2192 1461 2204 ,

315 2245 397 2348 sed
437 2243 620 2321 elassibus
658 2243 843 2336 familiari,
886 2245 976 2334 [iam.
997 2267 1097 2324 ¹rere
1132 2253 1170 2321 et
1207 2244 1385 2322 onerariis

327 2378 516 2478 navibnsi,
569 2378 805 2476 quoniamst
841 2378 1006 2478 pericula
1042 2378 1298 2479 expingimus,
1337 2399 1384 2453 ne

327 2511 412 2609 quis
437 2510 587 2587 miretur
610 2518 647 2587 et
673 2533 788 2610 rogos
815 2512 928 2612 pingi,
954 2512 1130 2610 iuvatque
1154 2517 1385 2612 pugnaturos

328 2643 377 2720 ad
402 2651 559 2742 mortem
586 2650 661 2745 [aut
689 2650 789 2720 cerie
817 2644 982 2745 eaedem]
1013 2643 1186 2743 speciose
1212 2643 1311 2720 vehi.

362 2775 469 2840 Loous
491 2776 703 2863 interpolatus
732 2781 796 2858 est,
835 2775 932 2861 idque
966 2775 1122 2842 bifariam.
1166 2775 1214 2841 Ao
1249 2775 1386 2860 primum

276 2892 412 2980 quidem
435 2893 550 2979 qui'ad
575 2892 708 2957 eaedem
735 2892 875 2958 hostium
898 2893 931 2956 in
952 2893 1045 2978 pietis
1073 2893 1209 2957 navibus
1233 2897 1387 2978 pugnant,

277 3027 352 3075 non·
370 3031 429 3074 sua
451 3009 508 3074 sed
530 3009 636 3074 aliena
656 3011 799 3095 pericula
820 3011 1003 3095 pinxerunt.
1026 3007 1154 3074 Deinde
1176 3010 1252 3096 quia
1265 3029 1388 3096 pugna·

277 3149 353 3192 rum
375 3126 518 3213 pericula
546 3129 615 3191 sola
636 3134 926 3193 commemorentur
955 3148 1056 3213 eaque
1081 3127 1143 3192 nisi
1170 3128 1203 3191 in
1233 3126 1388 3192 elassibus

277 3247 388 3310 looum
413 3266 478 3309 non
500 3244 636 3328 habent,
673 3267 752 3331 quas
781 3246 867 3309 solas
895 3245 929 3309 in
960 3244 1074 3309 eodem
1106 3244 1249 3332 pieturae
1271 3265 1390 3332 genere

279 3363 404 3427 Plinius
416 3364 449 3426 in
457 3363 587 3449 reliquis
599 3365 677 3429 locis
685 3363 738 3441 (of.
751 3364 802 3444 37,
815 3363 885 3443 101,
895 3363 966 3445 149,
978 3361 1135 3428 XXXIII.
1143 3361 1221 3444 rio)
1237 3364 1390 3446 nominat,

280 3488 419 3567 apparet
428 3478 490 3544 hoe
503 3502 630 3568 qnoque
643 3482 896 3546 additamentum
912 3480 1049 3545 hominis
1069 3480 1177 3566 inepte
1201 3480 1285 3546 doeti
1308 3501 1390 3548 esse.

316 3679 322 3692 ,
713 3604 782 3677 105
803 3605 969 3691 =10‚36.

303 3733 422 3810 ·Erat
446 3738 536 3809 tune
560 3730 797 3831 Protogenes
837 3731 875 3808 in
903 3731 1114 3809 suburbano
1141 3753 1209 3807 suo
1243 3727 1390 3807 hortulo

335 3866 423 3966 [hoe
460 3871 517 3940 est
552 3864 727 3941 Demetrii
765 3865 925 3960 eest1⁴is],
974 3885 1095 3961 neque
1138 3858 1392 3962 interpellatus

296 4083 300 4091 ,
331 3996 486 4101 proeliis
512 3995 687 4079 inchoata
711 4020 827 4097 opera
851 3996 1045 4092 intermisit
1070 3993 1134 4074 rel.

365 4131 475 4222 ¹Pudet
494 4150 547 4194 me
568 4150 634 4195 non
655 4130 857 4216 mediocriter
883 4130 1118 4214 ineptissimum
1140 4127 1393 4196 additamentum

282 4271 359 4315 eum
381 4248 664 4314 chrestomathiam
686 4248 816 4312 ederem
839 4269 858 4310 a
880 4265 932 4310 me
954 4267 1016 4310 non
1040 4267 1112 4312 esse
1127 4244 1393 4312 animadversum.

283 4350 369 4432 Nam
391 4385 496 4450 neque
517 4372 644 4448 tempus
666 4385 820 4448 praesens
842 4378 886 4428 ert
915 4365 989 4428 ferri
1011 4370 1117 4450 potest
1139 4332 1243 4451 neque
1266 4363 1394 4428 omniuo

283 4487 317 4549 in
333 4484 449 4549 eastris
462 4481 619 4546 DemetrIi
636 4481 694 4544 sed
710 4475 742 4544 in
758 4481 941 4546 suburbano
962 4482 1101 4568 quodam
1117 4479 1262 4545 aedificio
1277 4480 1395 4564 piotam

284 4602 429 4665 tuisse'a
450 4599 634 4684 Protogene
655 4597 799 4661 tabulam
819 4599 966 4681 traditur,
989 4597 1074 4684 qood
1102 4597 1131 4662 vi
1159 4601 1192 4662 st
1214 4595 1310 4662 armis
1338 4613 1396 4660 rex

285 4719 537 4806 expugnaverit,
559 4717 598 4780 ei.
620 4715 704 4781 Plut.
726 4715 869 4782 Demetr.
889 4717 940 4784 22.

1413 3651 1475 3720 772

1201 4832 1241 4900 15
