3567 5559
397 725 472 802 Μ’
811 733 905 796 mea
924 731 1099 796 ursan.

397 924 471 992 laea
491 921 572 990 nibil
592 923 745 992 doemunt
765 924 827 995 uiui
842 925 917 1011 boo,
939 923 1186 1012 aniladalpbo·
1205 923 1385 990 doldtrnm
1406 923 1519 991 mndi-

398 1051 467 1110 tum
488 1063 572 1126 essa,
593 1045 686 1132 quasi
704 1053 878 1130 propterea
898 1045 1076 1112 Ptolemaei
1098 1044 1161 1110 uisi
1182 1043 1298 1109 addito
1321 1043 1521 1130 cognomine

398 1162 593 1228 mundonem
624 1161 733 1228 faeere
763 1183 830 1228 non
860 1164 981 1232 bearet.
1024 1162 1088 1240 Qui
1119 1182 1218 1249 quum
1251 1160 1330 1228 bl
1365 1182 1521 1250 ⁷sequeus

398 1280 614 1349 Ptolemaeus‘
647 1281 842 1368 appelletur,
874 1279 1128 1346 additamentum
1149 1278 1327 1346 delendum
1349 1299 1429 1346 esse
1453 1279 1521 1346 effi-

398 1399 489 1464 oitnr.
531 1398 645 1485 Neque
667 1405 776 1465 tamen
810 1398 891 1464 nihil
918 1419 959 1464 ex
990 1397 1044 1464 illo
1065 1398 1137 1467 looo
1174 1399 1208 1464 in
1236 1417 1337 1462 nsum
1369 1405 1522 1464 nostrum

398 1517 543 1582 eonverti
559 1516 645 1582 lieet
681 1516 733 1582 lbi
753 1516 839 1582 enim
860 1516 1028 1582 delubrum
1048 1516 1243 1582 &sinaeum
1264 1521 1426 1582 vocatum
1447 1538 1523 1584 essa
1633 1500 1634 1564 Ῐ

398 1633 552 1716 traditur,
582 1653 716 1699 ameum
738 1655 803 1700 non
823 1634 1018 1722 appelletur,
1050 1634 1159 1721 itaque
1191 1634 1380 1702 mutatione
1407 1636 1443 1700 iu
1465 1657 1522 1702 no·
1633 1672 1634 1686 κ

397 1752 484 1818 mine
503 1753 633 1840 proprio
660 1772 726 1818 non
745 1751 887 1818 violenta
912 1771 970 1838 pro
990 1771 1114 1816 aureum
1134 1751 1310 1837 legendnm
1333 1760 1390 1820 est
1407 1761 1522 1818 Arri·
1590 1737 1597 1756 ¹

397 1890 535 1936 aueum.

315 1990 380 2061 848
841 1990 1076 2079 110=s,33.

447 2118 617 2198 Nascitur
643 2126 728 2219 post
752 2143 886 2197 aversa
910 2119 1037 2196 ludiae
1061 2119 1163 2218 apud
1188 2118 1336 2198 incolas
1357 2120 1521 2200 Caucasi
1633 2233 1634 2249 ,

449 2252 586 2329 montis
606 2251 811 2351 PhycaroS,
839 2251 966 2343 Sacas,
994 2251 1130 2330 Dahas.

480 2385 554 2448 Duo
575 2385 706 2450 nomina
727 2406 749 2450 a
770 2385 929 2450 Salmasio
958 2385 1109 2450 restituta
1130 2390 1219 2467 suut,
1253 2385 1389 2450 tertium
1426 2387 1522 2452 nobis

398 2499 635 2566 restituendum
649 2501 794 2589 reliquit:
817 2507 1031 2585 Hyrcanos.

316 2631 380 2699 849
836 2623 1071 2711 114=8,35.

451 2750 614 2830 Sudines
641 2749 730 2828 dicit
756 2760 794 2829 et
818 2753 856 2828 in
882 2748 1015 2831 Sibero
1040 2753 1190 2828 Atticae
1216 2749 1369 2828 flumine
1397 2755 1519 2830 nasei.

461 2884 536 2949 Non
556 2882 687 2948 Atticae
706 2884 826 2949 flumen
848 2885 909 2950 fuit
930 2881 1061 2949 Siberus
1082 2883 1134 2949 vel
1156 2881 1287 2966 Siberis,
1314 2883 1376 2948 sed
1398 2890 1519 2951 Galu-

398 3009 496 3084 tiae,
524 3000 563 3065 at.
584 3001 721 3088 Prooop.
743 3000 784 3067 de
808 3001 878 3070 aed
900 3003 930 3070 5.
947 3005 985 3086 4,
1028 3001 1115 3089 quod
1141 3022 1258 3068 nomen
1287 3002 1519 3087 reponendum

399 3139 473 3184 esse
493 3124 638 3206 apparet.

806 3207 877 3280 116
904 3234 938 3264 =
964 3202 1114 3280 ibidem.

451 3374 498 3386 -
512 3330 609 3408 haee
634 3333 702 3409 erit
726 3331 790 3410 illa
817 3357 913 3433 qnae
939 3342 1096 3412 vocatur
1121 3335 1300 3412 aalizusa.

483 3499 522 3508 —
545 3483 624 3541 qaue
645 3469 770 3526 ortam
794 3474 876 3537 (non
899 3467 1041 3552 urtzasa)
1066 3471 1183 3534 dicetur
1202 3465 1247 3552 B,
1281 3465 1371 3532 unde
1392 3468 1518 3534 sariba·

399 3587 452 3646 tur
475 3585 615 3664 oportet:
638 3599 718 3659 qaae
738 3584 879 3644 aarum
901 3584 1023 3647 dieitur.

316 3685 379 3754 ⁸51
450 3695 535 3774 llon'
567 3697 688 3775 minus
727 3698 864 3776 multae
898 3702 1047 3802 speeies
1074 3703 1239 3803 reliquae
1264 3709 1371 3796 sunt,
1404 3748 1440 3758 -
1478 3711 1519 3782 ut

448 3827 624 3928 crystallo
651 3830 791 3908 similes
824 3840 886 3908 aut
911 3835 1052 3934 myxis,
1097 3837 1185 3912 item
1209 3834 1517 3930 terebinthizusa,

448 3960 671 4060 [impropria
699 3969 741 4039 ut
765 3966 933 4058 arbitror,
960 3968 1192 4066 cognomine,
1224 3968 1326 4045 velut
1347 3992 1368 4045 e
1389 3969 1517 4046 multis

449 4089 618 4167 eiusdem
643 4095 794 4194 generis
822 4100 1030 4198 composita
1054 4098 1237 4200 gemmisl.

483 4219 655 4288 Glossema
675 4225 821 4310 ineptum
842 4235 930 4293 reate
952 4227 1026 4294 inB
1047 4229 1213 4310 omittitur,
1236 4231 1322 4317 quod
1339 4251 1405 4296 non
1428 4234 1514 4298 anti·

380 4336 532 4424 ..quoilli
553 4342 736 4422 eorreetori,
765 4343 824 4406 sed
845 4343 968 4410 homini
988 4349 1098 4412 neseio
1121 4348 1172 4412 eui
1195 4350 1290 4415 doato
1312 4347 1419 4414 mbuo
1442 4370 1514 4416 sue·
1633 4338 1634 4356 ¹

401 4458 467 4522 auli
485 4455 558 4521 XV.
600 4457 675 4523 Non
701 4476 835 4544 prorsus
862 4459 1028 4526 dissimilis
1055 4469 1110 4527 est
1128 4483 1168 4528 ea
1188 4465 1394 4552 interpolatio
1429 4487 1514 4551 quae

400 4574 434 4639 in
456 4575 601 4660 margine
630 4574 680 4640 sd.
703 4573 977 4658 Daleoampianae
998 4577 1036 4642 ll.
1069 4579 1152 4664 sigla
1179 4588 1310 4647 notatur
1342 4585 1444 4665 ,velut
1482 4593 1515 4650 et

402 4693 514 4767 muta
533 4691 679 4788 ejusdem
705 4689 834 4784 generis
854 4693 990 4778 gemmis
1018 4693 1155 4760 eandm
1178 4697 1219 4764 ab
1248 4719 1318 4766 rem
1338 4701 1514 4791 imposito‘.
