<?xml version="1.0" encoding="UTF-8"?>
<!DOCTYPE html PUBLIC "-//W3C//DTD XHTML 1.0 Transitional//EN"
    "http://www.w3.org/TR/xhtml1/DTD/xhtml1-transitional.dtd">
<html xmlns="http://www.w3.org/1999/xhtml" xml:lang="en" lang="en">
 <head>
  <title>
</title>
<meta http-equiv="Content-Type" content="text/html;charset=utf-8" />
  <meta name='ocr-system' content='tesseract 3.04.00' />
  <meta name='ocr-capabilities' content='ocr_page ocr_carea ocr_par ocr_line ocrx_word'/>
</head>
<body>
  <div class='ocr_page' id='page_1' title='image "./vindiciaeplinia00urligoog_0196.png"; bbox 0 0 3567 5559; ppageno 0'>
   <div class='ocr_carea' id='block_1_1' title="bbox 465 561 1119 632">
    <p class='ocr_par' dir='ltr' id='par_1_1' title="bbox 465 561 1119 632">
     <span class='ocr_line' id='line_1_1' title="bbox 465 561 1119 632; baseline 0.006 -4"><span class='ocrx_word' id='word_1_1' title='bbox 465 561 527 628; x_wconf 74' lang='lat' dir='ltr'>1oe</span> <span class='ocrx_word' id='word_1_2' title='bbox 921 563 1021 632; x_wconf 71' lang='lat' dir='ltr'>mer</span> <span class='ocrx_word' id='word_1_3' title='bbox 1041 565 1119 632; x_wconf 81' lang='lat' dir='ltr'>XV.</span> 
     </span>
    </p>
   </div>
   <div class='ocr_carea' id='block_1_2' title="bbox 381 753 1566 1884">
    <p class='ocr_par' dir='ltr' id='par_1_2' title="bbox 384 753 1562 1126">
     <span class='ocr_line' id='line_1_2' title="bbox 384 753 1136 849; baseline -0.011 -13"><span class='ocrx_word' id='word_1_4' title='bbox 384 771 448 838; x_wconf 70' lang='lat'>246</span> <span class='ocrx_word' id='word_1_5' title='bbox 892 753 940 828; x_wconf 86' lang='grc'>71</span> <span class='ocrx_word' id='word_1_6' title='bbox 955 787 994 820; x_wconf 94' lang='lat'>=</span> <span class='ocrx_word' id='word_1_7' title='bbox 1005 753 1136 849; x_wconf 84' lang='grc'><strong>18,19.</strong></span> 
     </span>
     <span class='ocr_line' id='line_1_3' title="bbox 514 885 1562 992; baseline -0.001 -30"><span class='ocrx_word' id='word_1_8' title='bbox 514 923 564 943; x_wconf 79' lang='lat'>—-</span> <span class='ocrx_word' id='word_1_9' title='bbox 579 887 774 964; x_wconf 79' lang='lat' dir='ltr'><strong>comitatur</strong></span> <span class='ocrx_word' id='word_1_10' title='bbox 790 913 870 963; x_wconf 88' lang='lat' dir='ltr'>eam</span> <span class='ocrx_word' id='word_1_11' title='bbox 889 887 1357 992; x_wconf 72' lang='lat' dir='ltr'>(porphyritr‘dcmficum)</span> <span class='ocrx_word' id='word_1_12' title='bbox 1374 885 1562 962; x_wconf 82' lang='lat' dir='ltr'>endnimis</span> 
     </span>
     <span class='ocr_line' id='line_1_4' title="bbox 516 1023 1053 1126; baseline 0 -24"><span class='ocrx_word' id='word_1_13' title='bbox 516 1023 701 1102; x_wconf 75' lang='lat' dir='ltr'>vilissimis</span> <span class='ocrx_word' id='word_1_14' title='bbox 726 1026 916 1126; x_wconf 82' lang='lat' dir='ltr'>populeris</span> <span class='ocrx_word' id='word_1_15' title='bbox 943 1025 1053 1102; x_wconf 86' lang='lat' dir='ltr'>dicta.</span> 
     </span>
    </p>

    <p class='ocr_par' dir='ltr' id='par_1_3' title="bbox 460 1157 1566 1489">
     <span class='ocr_line' id='line_1_5' title="bbox 548 1157 1565 1248; baseline 0.003 -25"><span class='ocrx_word' id='word_1_16' title='bbox 548 1157 710 1243; x_wconf 84' lang='lat' dir='ltr'>Copularn</span> <span class='ocrx_word' id='word_1_17' title='bbox 730 1168 763 1222; x_wconf 80' lang='lat' dir='ltr'>et</span> <span class='ocrx_word' id='word_1_18' title='bbox 784 1180 803 1224; x_wconf 89' lang='lat' dir='ltr'>e</span> <span class='ocrx_word' id='word_1_19' title='bbox 826 1160 923 1228; x_wconf 92' lang='lat' dir='ltr'>codd.</span> <span class='ocrx_word' id='word_1_20' title='bbox 938 1160 987 1226; x_wconf 82' lang='lat' dir='ltr'>od</span> <span class='ocrx_word' id='word_1_21' title='bbox 1009 1161 1118 1228; x_wconf 86' lang='lat' dir='ltr'>omisit</span> <span class='ocrx_word' id='word_1_22' title='bbox 1128 1159 1287 1248; x_wconf 83' lang='lat' dir='ltr'>Silligius‚</span> <span class='ocrx_word' id='word_1_23' title='bbox 1309 1182 1407 1247; x_wconf 87' lang='lat' dir='ltr'>quum</span> <span class='ocrx_word' id='word_1_24' title='bbox 1422 1163 1459 1225; x_wconf 88' lang='lat' dir='ltr'>ad</span> <span class='ocrx_word' id='word_1_25' title='bbox 1473 1173 1565 1226; x_wconf 87' lang='lat' dir='ltr'>stru-</span> 
     </span>
     <span class='ocr_line' id='line_1_6' title="bbox 462 1276 1566 1365; baseline 0.002 -23"><span class='ocrx_word' id='word_1_26' title='bbox 462 1289 590 1342; x_wconf 80' lang='lat' dir='ltr'>ctorem</span> <span class='ocrx_word' id='word_1_27' title='bbox 611 1277 656 1342; x_wconf 86' lang='lat' dir='ltr'>sit</span> <span class='ocrx_word' id='word_1_28' title='bbox 675 1278 883 1346; x_wconf 81' lang='lat' dir='ltr'>necessaria.</span> <span class='ocrx_word' id='word_1_29' title='bbox 931 1276 1071 1344; x_wconf 88' lang='lat' dir='ltr'>Videtur</span> <span class='ocrx_word' id='word_1_30' title='bbox 1089 1278 1123 1344; x_wconf 92' lang='lat' dir='ltr'>in</span> <span class='ocrx_word' id='word_1_31' title='bbox 1144 1277 1331 1365; x_wconf 86' lang='lat' dir='ltr'>archetypo</span> <span class='ocrx_word' id='word_1_32' title='bbox 1352 1277 1453 1346; x_wconf 85' lang='lat' dir='ltr'>luisse</span> <span class='ocrx_word' id='word_1_33' title='bbox 1470 1278 1566 1344; x_wconf 80' lang='lat' dir='ltr'>vilis·</span> 
     </span>
     <span class='ocr_line' id='line_1_7' title="bbox 460 1392 1061 1489; baseline 0.005 -29"><span class='ocrx_word' id='word_1_34' title='bbox 460 1395 592 1489; x_wconf 68' lang='lat' dir='ltr'>simisq3</span> <span class='ocrx_word' id='word_1_35' title='bbox 610 1392 788 1480; x_wconf 75' lang='lat' dir='ltr'>popularis,</span> <span class='ocrx_word' id='word_1_36' title='bbox 810 1405 843 1458; x_wconf 91' lang='lat' dir='ltr'>et</span> <span class='ocrx_word' id='word_1_37' title='bbox 863 1393 1061 1478; x_wconf 77' lang='lat' dir='ltr'>legendum:</span> 
     </span>
    </p>

    <p class='ocr_par' dir='ltr' id='par_1_4' title="bbox 381 1511 1564 1884">
     <span class='ocr_line' id='line_1_8' title="bbox 862 1511 1162 1607; baseline 0.013 -33"><span class='ocrx_word' id='word_1_38' title='bbox 862 1511 1162 1607; x_wconf 80' lang='lat' dir='ltr'>vilissimisque.</span> 
     </span>
     <span class='ocr_line' id='line_1_9' title="bbox 381 1645 1142 1742; baseline 0.001 -21"><span class='ocrx_word' id='word_1_39' title='bbox 381 1645 444 1710; x_wconf 71' lang='lat'>247</span> <span class='ocrx_word' id='word_1_40' title='bbox 886 1647 932 1722; x_wconf 81' lang='grc'>8]</span> <span class='ocrx_word' id='word_1_41' title='bbox 949 1681 988 1714; x_wconf 97' lang='lat'>=</span> <span class='ocrx_word' id='word_1_42' title='bbox 1004 1649 1065 1742; x_wconf 85' lang='grc'>19,</span> <span class='ocrx_word' id='word_1_43' title='bbox 1080 1649 1142 1723; x_wconf 72' lang='grc'>21.</span> 
     </span>
     <span class='ocr_line' id='line_1_10' title="bbox 511 1781 1564 1884; baseline 0.001 -28"><span class='ocrx_word' id='word_1_44' title='bbox 511 1821 555 1836; x_wconf 90' lang='lat'>-</span> <span class='ocrx_word' id='word_1_45' title='bbox 583 1781 753 1880; x_wconf 88' lang='lat' dir='ltr'>qnoniam</span> <span class='ocrx_word' id='word_1_46' title='bbox 773 1792 905 1882; x_wconf 89' lang='lat' dir='ltr'>sponte</span> <span class='ocrx_word' id='word_1_47' title='bbox 926 1793 1100 1858; x_wconf 85' lang='lat' dir='ltr'>arescunt</span> <span class='ocrx_word' id='word_1_48' title='bbox 1122 1784 1194 1859; x_wconf 89' lang='lat' dir='ltr'>loci</span> <span class='ocrx_word' id='word_1_49' title='bbox 1219 1783 1292 1860; x_wconf 87' lang='lat' dir='ltr'>situ</span> <span class='ocrx_word' id='word_1_50' title='bbox 1309 1784 1481 1884; x_wconf 89' lang='lat' dir='ltr'>rimisque</span> <span class='ocrx_word' id='word_1_51' title='bbox 1499 1809 1564 1858; x_wconf 86' lang='lat' dir='ltr'>ca-</span> 
     </span>
    </p>
   </div>
   <div class='ocr_carea' id='block_1_3' title="bbox 458 1919 1564 2260">
    <p class='ocr_par' dir='ltr' id='par_1_5' title="bbox 458 1919 1564 2260">
     <span class='ocr_line' id='line_1_11' title="bbox 511 1919 1449 2020; baseline 0 -26"><span class='ocrx_word' id='word_1_52' title='bbox 511 1919 595 1994; x_wconf 89' lang='lat' dir='ltr'>dem</span> <span class='ocrx_word' id='word_1_53' title='bbox 622 1945 717 2018; x_wconf 89' lang='lat' dir='ltr'>quae</span> <span class='ocrx_word' id='word_1_54' title='bbox 744 1919 901 1994; x_wconf 92' lang='lat' dir='ltr'>culicum</span> <span class='ocrx_word' id='word_1_55' title='bbox 929 1945 1098 2020; x_wconf 84' lang='lat' dir='ltr'>operae</span> <span class='ocrx_word' id='word_1_56' title='bbox 1125 1945 1263 2014; x_wconf 77' lang='lat' dir='ltr'>eausa</span> <span class='ocrx_word' id='word_1_57' title='bbox 1290 1921 1449 2020; x_wconf 85' lang='lat' dir='ltr'>perficit.</span> 
     </span>
     <span class='ocr_line' id='line_1_12' title="bbox 542 2054 1564 2144; baseline 0.002 -26"><span class='ocrx_word' id='word_1_58' title='bbox 542 2055 593 2120; x_wconf 87' lang='lat' dir='ltr'>lta</span> <span class='ocrx_word' id='word_1_59' title='bbox 618 2054 764 2142; x_wconf 78' lang='lat' dir='ltr'>Silligins</span> <span class='ocrx_word' id='word_1_60' title='bbox 800 2078 861 2140; x_wconf 91' lang='lat' dir='ltr'>pro</span> <span class='ocrx_word' id='word_1_61' title='bbox 896 2057 1032 2141; x_wconf 84' lang='lat' dir='ltr'>vulgato</span> <span class='ocrx_word' id='word_1_62' title='bbox 1063 2079 1160 2143; x_wconf 83' lang='lat' dir='ltr'>opero</span> <span class='ocrx_word' id='word_1_63' title='bbox 1191 2076 1294 2122; x_wconf 87' lang='lat' dir='ltr'>sensu</span> <span class='ocrx_word' id='word_1_64' title='bbox 1328 2078 1426 2144; x_wconf 86' lang='lat' dir='ltr'>quern</span> <span class='ocrx_word' id='word_1_65' title='bbox 1456 2077 1564 2142; x_wconf 85' lang='lat' dir='ltr'>nequa</span> 
     </span>
     <span class='ocr_line' id='line_1_13' title="bbox 458 2172 1564 2260; baseline 0.003 -26"><span class='ocrx_word' id='word_1_66' title='bbox 458 2172 533 2256; x_wconf 89' lang='lat' dir='ltr'>ipse</span> <span class='ocrx_word' id='word_1_67' title='bbox 555 2173 741 2239; x_wconf 78' lang='lat' dir='ltr'>declaravit</span> <span class='ocrx_word' id='word_1_68' title='bbox 766 2195 876 2260; x_wconf 88' lang='lat' dir='ltr'>neque</span> <span class='ocrx_word' id='word_1_69' title='bbox 904 2195 956 2238; x_wconf 88' lang='lat' dir='ltr'>me</span> <span class='ocrx_word' id='word_1_70' title='bbox 980 2173 1164 2258; x_wconf 86' lang='lat' dir='ltr'>intelligere</span> <span class='ocrx_word' id='word_1_71' title='bbox 1192 2173 1312 2238; x_wconf 86' lang='lat' dir='ltr'>fateor.</span> <span class='ocrx_word' id='word_1_72' title='bbox 1356 2175 1564 2260; x_wconf 86' lang='lat' dir='ltr'>Recipienda</span> 
     </span>
    </p>
   </div>
   <div class='ocr_carea' id='block_1_4' title="bbox 457 2293 1565 2498">
    <p class='ocr_par' dir='ltr' id='par_1_6' title="bbox 457 2293 1565 2498">
     <span class='ocr_line' id='line_1_14' title="bbox 458 2293 1562 2382; baseline -0.003 -24"><span class='ocrx_word' id='word_1_73' title='bbox 458 2294 569 2377; x_wconf 91' lang='lat' dir='ltr'>potius</span> <span class='ocrx_word' id='word_1_74' title='bbox 592 2305 665 2357; x_wconf 87' lang='lat' dir='ltr'>erat</span> <span class='ocrx_word' id='word_1_75' title='bbox 685 2293 784 2360; x_wconf 89' lang='lat' dir='ltr'>lectio</span> <span class='ocrx_word' id='word_1_76' title='bbox 806 2295 958 2359; x_wconf 90' lang='lat' dir='ltr'>codicum</span> <span class='ocrx_word' id='word_1_77' title='bbox 980 2295 1051 2359; x_wconf 89' lang='lat' dir='ltr'>adr</span> <span class='ocrx_word' id='word_1_78' title='bbox 1077 2316 1180 2382; x_wconf 80' lang='lat' dir='ltr'>opere.</span> <span class='ocrx_word' id='word_1_79' title='bbox 1232 2293 1378 2359; x_wconf 83' lang='lat' dir='ltr'>Causam</span> <span class='ocrx_word' id='word_1_80' title='bbox 1401 2294 1485 2359; x_wconf 87' lang='lat' dir='ltr'>enim</span> <span class='ocrx_word' id='word_1_81' title='bbox 1504 2313 1562 2377; x_wconf 81' lang='lat' dir='ltr'>ge·</span> 
     </span>
     <span class='ocr_line' id='line_1_15' title="bbox 457 2409 1565 2498; baseline -0.002 -24"><span class='ocrx_word' id='word_1_82' title='bbox 457 2409 589 2474; x_wconf 76' lang='lat' dir='ltr'>sitalem</span> <span class='ocrx_word' id='word_1_83' title='bbox 611 2412 684 2476; x_wconf 87' lang='lat' dir='ltr'>sive</span> <span class='ocrx_word' id='word_1_84' title='bbox 706 2411 771 2473; x_wconf 90' lang='lat' dir='ltr'>vim</span> <span class='ocrx_word' id='word_1_85' title='bbox 793 2424 933 2475; x_wconf 87' lang='lat' dir='ltr'>naturae</span> <span class='ocrx_word' id='word_1_86' title='bbox 955 2411 1219 2494; x_wconf 79' lang='lat' dir='ltr'>procreatricem</span> <span class='ocrx_word' id='word_1_87' title='bbox 1242 2422 1277 2474; x_wconf 87' lang='lat' dir='ltr'>et</span> <span class='ocrx_word' id='word_1_88' title='bbox 1298 2432 1404 2496; x_wconf 86' lang='lat' dir='ltr'>supra</span> <span class='ocrx_word' id='word_1_89' title='bbox 1426 2409 1513 2498; x_wconf 67' lang='lat' dir='ltr'>§.tlt</span> <span class='ocrx_word' id='word_1_90' title='bbox 1531 2420 1565 2474; x_wconf 91' lang='lat' dir='ltr'>et</span> 
     </span>
    </p>
   </div>
   <div class='ocr_carea' id='block_1_5' title="bbox 456 2528 1618 2735">
    <p class='ocr_par' dir='ltr' id='par_1_7' title="bbox 456 2528 1618 2751">
     <span class='ocr_line' id='line_1_16' title="bbox 456 2528 1618 2626; baseline -0.003 -31"><span class='ocrx_word' id='word_1_91' title='bbox 456 2530 514 2596; x_wconf 73' lang='lat' dir='ltr'>tx,</span> <span class='ocrx_word' id='word_1_92' title='bbox 530 2530 563 2598; x_wconf 74' lang='lat'>2.</span> <span class='ocrx_word' id='word_1_93' title='bbox 585 2551 627 2595; x_wconf 89' lang='lat' dir='ltr'>eo</span> <span class='ocrx_word' id='word_1_94' title='bbox 655 2529 729 2595; x_wconf 86' lang='lat' dir='ltr'>fere</span> <span class='ocrx_word' id='word_1_95' title='bbox 757 2531 855 2594; x_wconf 91' lang='lat' dir='ltr'>modo</span> <span class='ocrx_word' id='word_1_96' title='bbox 884 2543 1043 2615; x_wconf 80' lang='lat' dir='ltr'>usurpat,</span> <span class='ocrx_word' id='word_1_97' title='bbox 1074 2551 1141 2614; x_wconf 83' lang='lat' dir='ltr'>quo</span> <span class='ocrx_word' id='word_1_98' title='bbox 1171 2528 1360 2615; x_wconf 80' lang='lat' dir='ltr'>philosophi</span> <span class='ocrx_word' id='word_1_99' title='bbox 1387 2530 1493 2596; x_wconf 86' lang='lat' dir='ltr'>nostri</span> <span class='ocrx_word' id='word_1_100' title='bbox 1520 2529 1560 2592; x_wconf 92' lang='lat' dir='ltr'>de</span> <span class='ocrx_word' id='word_1_101' title='bbox 1617 2601 1618 2626; x_wconf 22' lang='lat'>¹</span> 
     </span>
     <span class='ocr_line' id='line_1_17' title="bbox 456 2647 1560 2735; baseline -0.004 -21"><span class='ocrx_word' id='word_1_102' title='bbox 456 2648 629 2735; x_wconf 86' lang='lat' dir='ltr'>principiis</span> <span class='ocrx_word' id='word_1_103' title='bbox 642 2647 829 2732; x_wconf 80' lang='lat' dir='ltr'>loquuntur.</span> <span class='ocrx_word' id='word_1_104' title='bbox 859 2647 955 2721; x_wconf 83' lang='lat' dir='ltr'>Quae</span> <span class='ocrx_word' id='word_1_105' title='bbox 969 2666 1073 2712; x_wconf 87' lang='lat' dir='ltr'>cansa</span> <span class='ocrx_word' id='word_1_106' title='bbox 1095 2659 1211 2714; x_wconf 83' lang='lat' dir='ltr'>nostro</span> <span class='ocrx_word' id='word_1_107' title='bbox 1232 2647 1309 2715; x_wconf 94' lang='lat' dir='ltr'>loco</span> <span class='ocrx_word' id='word_1_108' title='bbox 1332 2649 1424 2716; x_wconf 87' lang='lat' dir='ltr'>rimis</span> <span class='ocrx_word' id='word_1_109' title='bbox 1446 2649 1560 2716; x_wconf 88' lang='lat' dir='ltr'>eadem</span> 
     </span>
    </p>
   </div>
   <div class='ocr_carea' id='block_1_6' title="bbox 376 2764 1559 3890">
    <p class='ocr_par' dir='ltr' id='par_1_8' title="bbox 376 2764 1559 3281">
     <span class='ocr_line' id='line_1_18' title="bbox 455 2764 1439 2853; baseline -0.004 -20"><span class='ocrx_word' id='word_1_110' title='bbox 455 2769 488 2833; x_wconf 91' lang='lat' dir='ltr'>in</span> <span class='ocrx_word' id='word_1_111' title='bbox 510 2768 577 2833; x_wconf 88' lang='lat' dir='ltr'>ficu</span> <span class='ocrx_word' id='word_1_112' title='bbox 600 2767 730 2853; x_wconf 90' lang='lat' dir='ltr'>perlicit</span> <span class='ocrx_word' id='word_1_113' title='bbox 750 2786 835 2851; x_wconf 87' lang='lat' dir='ltr'>quoe</span> <span class='ocrx_word' id='word_1_114' title='bbox 859 2764 1001 2830; x_wconf 87' lang='lat' dir='ltr'>culicum</span> <span class='ocrx_word' id='word_1_115' title='bbox 1024 2787 1129 2850; x_wconf 89' lang='lat' dir='ltr'>opere</span> <span class='ocrx_word' id='word_1_116' title='bbox 1153 2766 1318 2850; x_wconf 85' lang='lat' dir='ltr'>perlicere</span> <span class='ocrx_word' id='word_1_117' title='bbox 1339 2767 1439 2832; x_wconf 89' lang='lat' dir='ltr'>solet.</span> 
     </span>
     <span class='ocr_line' id='line_1_19' title="bbox 376 2900 1141 2990; baseline -0.008 -11"><span class='ocrx_word' id='word_1_118' title='bbox 376 2922 439 2990; x_wconf 63' lang='grc' dir='ltr'>ΜΒ</span> <span class='ocrx_word' id='word_1_119' title='bbox 877 2901 927 2977; x_wconf 82' lang='grc'>82</span> <span class='ocrx_word' id='word_1_120' title='bbox 942 2940 979 2973; x_wconf 93' lang='lat'>=</span> <span class='ocrx_word' id='word_1_121' title='bbox 994 2900 1141 2976; x_wconf 88' lang='lat' dir='ltr'>ibidem.</span> 
     </span>
     <span class='ocr_line' id='line_1_20' title="bbox 506 3038 1559 3139; baseline -0.007 -20"><span class='ocrx_word' id='word_1_122' title='bbox 506 3088 551 3102; x_wconf 94' lang='lat'><em>-</em></span> <span class='ocrx_word' id='word_1_123' title='bbox 578 3044 694 3119; x_wconf 88' lang='lat' dir='ltr'>siccat</span> <span class='ocrx_word' id='word_1_124' title='bbox 718 3043 847 3136; x_wconf 81' lang='lat' dir='ltr'>honos,</span> <span class='ocrx_word' id='word_1_125' title='bbox 870 3042 1035 3116; x_wconf 85' lang='lat' dir='ltr'>laudatas</span> <span class='ocrx_word' id='word_1_126' title='bbox 1061 3050 1185 3116; x_wconf 82' lang='lat' dir='ltr'>servat</span> <span class='ocrx_word' id='word_1_127' title='bbox 1208 3039 1247 3113; x_wconf 91' lang='lat' dir='ltr'>in</span> <span class='ocrx_word' id='word_1_128' title='bbox 1270 3038 1410 3139; x_wconf 85' lang='lat' dir='ltr'>capsis,</span> <span class='ocrx_word' id='word_1_129' title='bbox 1434 3039 1559 3116; x_wconf 90' lang='lat' dir='ltr'>Ebuso</span> 
     </span>
     <span class='ocr_line' id='line_1_21' title="bbox 504 3178 1094 3281; baseline -0.015 -23"><span class='ocrx_word' id='word_1_130' title='bbox 504 3182 648 3258; x_wconf 88' lang='lat' dir='ltr'>insulae</span> <span class='ocrx_word' id='word_1_131' title='bbox 677 3178 1010 3281; x_wconf 86' lang='lat' dir='ltr'>praestantissimas</span> <span class='ocrx_word' id='word_1_132' title='bbox 1033 3185 1094 3252; x_wconf 84' lang='lat' dir='ltr'>rel.</span> 
     </span>
    </p>

    <p class='ocr_par' dir='ltr' id='par_1_9' title="bbox 448 3311 1557 3890">
     <span class='ocr_line' id='line_1_22' title="bbox 536 3311 1557 3398; baseline -0.002 -20"><span class='ocrx_word' id='word_1_133' title='bbox 536 3315 792 3398; x_wconf 86' lang='lat' dir='ltr'>Distinguuntur</span> <span class='ocrx_word' id='word_1_134' title='bbox 815 3332 876 3376; x_wconf 85' lang='lat' dir='ltr'>cae</span> <span class='ocrx_word' id='word_1_135' title='bbox 904 3311 987 3376; x_wconf 89' lang='lat' dir='ltr'>licus</span> <span class='ocrx_word' id='word_1_136' title='bbox 1015 3331 1101 3396; x_wconf 83' lang='lat' dir='ltr'>quae</span> <span class='ocrx_word' id='word_1_137' title='bbox 1130 3324 1269 3396; x_wconf 86' lang='lat' dir='ltr'>propter</span> <span class='ocrx_word' id='word_1_138' title='bbox 1298 3312 1479 3378; x_wconf 84' lang='lat' dir='ltr'>bonitatem</span> <span class='ocrx_word' id='word_1_139' title='bbox 1502 3311 1557 3378; x_wconf 87' lang='lat' dir='ltr'>eli·</span> 
     </span>
     <span class='ocr_line' id='line_1_23' title="bbox 452 3432 1557 3519; baseline 0 -23"><span class='ocrx_word' id='word_1_140' title='bbox 452 3443 574 3519; x_wconf 73' lang='lat' dir='ltr'>guntur</span> <span class='ocrx_word' id='word_1_141' title='bbox 598 3445 633 3496; x_wconf 89' lang='lat' dir='ltr'>ct</span> <span class='ocrx_word' id='word_1_142' title='bbox 654 3432 825 3514; x_wconf 86' lang='lat' dir='ltr'>incapsis</span> <span class='ocrx_word' id='word_1_143' title='bbox 848 3442 1040 3508; x_wconf 86' lang='lat' dir='ltr'>servantur,</span> <span class='ocrx_word' id='word_1_144' title='bbox 1070 3432 1113 3497; x_wconf 84' lang='lat' dir='ltr'>ab</span> <span class='ocrx_word' id='word_1_145' title='bbox 1141 3432 1182 3498; x_wconf 89' lang='lat' dir='ltr'>iis</span> <span class='ocrx_word' id='word_1_146' title='bbox 1204 3441 1290 3516; x_wconf 82' lang='lat' dir='ltr'>quae</span> <span class='ocrx_word' id='word_1_147' title='bbox 1313 3432 1413 3514; x_wconf 87' lang='lat' dir='ltr'>copia</span> <span class='ocrx_word' id='word_1_148' title='bbox 1435 3443 1557 3500; x_wconf 86' lang='lat' dir='ltr'>tantum</span> 
     </span>
     <span class='ocr_line' id='line_1_24' title="bbox 449 3548 1554 3636; baseline -0.005 -18"><span class='ocrx_word' id='word_1_149' title='bbox 449 3552 599 3636; x_wconf 76' lang='lat' dir='ltr'>insignes</span> <span class='ocrx_word' id='word_1_150' title='bbox 621 3569 722 3615; x_wconf 89' lang='lat' dir='ltr'>orcas</span> <span class='ocrx_word' id='word_1_151' title='bbox 744 3550 915 3631; x_wconf 86' lang='lat' dir='ltr'>cadosque</span> <span class='ocrx_word' id='word_1_152' title='bbox 938 3548 1082 3631; x_wconf 89' lang='lat' dir='ltr'>implent.</span> <span class='ocrx_word' id='word_1_153' title='bbox 1131 3549 1184 3616; x_wconf 88' lang='lat' dir='ltr'>De</span> <span class='ocrx_word' id='word_1_154' title='bbox 1202 3553 1315 3635; x_wconf 88' lang='lat' dir='ltr'>priore</span> <span class='ocrx_word' id='word_1_155' title='bbox 1336 3570 1466 3635; x_wconf 83' lang='lat' dir='ltr'>genere</span> <span class='ocrx_word' id='word_1_156' title='bbox 1488 3552 1521 3622; x_wconf 87' lang='lat' dir='ltr'>h.</span> <span class='ocrx_word' id='word_1_157' title='bbox 1534 3550 1554 3614; x_wconf 93' lang='lat' dir='ltr'>l.</span> 
     </span>
     <span class='ocr_line' id='line_1_25' title="bbox 449 3667 1553 3756; baseline -0.002 -16"><span class='ocrx_word' id='word_1_158' title='bbox 449 3691 561 3740; x_wconf 84' lang='lat' dir='ltr'>senno</span> <span class='ocrx_word' id='word_1_159' title='bbox 581 3680 650 3753; x_wconf 86' lang='lat' dir='ltr'>est,</span> <span class='ocrx_word' id='word_1_160' title='bbox 675 3669 764 3756; x_wconf 87' lang='lat' dir='ltr'>quod</span> <span class='ocrx_word' id='word_1_161' title='bbox 790 3667 900 3734; x_wconf 90' lang='lat' dir='ltr'>honos</span> <span class='ocrx_word' id='word_1_162' title='bbox 926 3668 1059 3734; x_wconf 86' lang='lat' dir='ltr'>siccare</span> <span class='ocrx_word' id='word_1_163' title='bbox 1086 3670 1216 3737; x_wconf 88' lang='lat' dir='ltr'>dicitur.</span> <span class='ocrx_word' id='word_1_164' title='bbox 1261 3671 1445 3740; x_wconf 85' lang='lat' dir='ltr'>Vilioribus</span> <span class='ocrx_word' id='word_1_165' title='bbox 1473 3677 1553 3742; x_wconf 86' lang='lat' dir='ltr'>enim</span> 
     </span>
     <span class='ocr_line' id='line_1_26' title="bbox 448 3786 1554 3890; baseline -0.004 -30"><span class='ocrx_word' id='word_1_166' title='bbox 448 3792 558 3860; x_wconf 88' lang='lat' dir='ltr'>honos</span> <span class='ocrx_word' id='word_1_167' title='bbox 582 3800 674 3858; x_wconf 88' lang='lat' dir='ltr'>certe</span> <span class='ocrx_word' id='word_1_168' title='bbox 695 3788 793 3854; x_wconf 84' lang='lat' dir='ltr'>tribui</span> <span class='ocrx_word' id='word_1_169' title='bbox 814 3786 935 3874; x_wconf 88' lang='lat' dir='ltr'>nequit.</span> <span class='ocrx_word' id='word_1_170' title='bbox 979 3786 1132 3890; x_wconf 77' lang='lat' dir='ltr'>Apparet</span> <span class='ocrx_word' id='word_1_171' title='bbox 1155 3788 1253 3873; x_wconf 83' lang='lat' dir='ltr'>igitur</span> <span class='ocrx_word' id='word_1_172' title='bbox 1266 3788 1359 3855; x_wconf 84' lang='lat' dir='ltr'>Plinii</span> <span class='ocrx_word' id='word_1_173' title='bbox 1380 3795 1488 3860; x_wconf 81' lang='lat' dir='ltr'>verbo</span> <span class='ocrx_word' id='word_1_174' title='bbox 1509 3794 1554 3860; x_wconf 87' lang='lat' dir='ltr'>sio</span> 
     </span>
    </p>
   </div>
   <div class='ocr_carea' id='block_1_7' title="bbox 448 3910 1313 4103">
    <p class='ocr_par' dir='ltr' id='par_1_10' title="bbox 448 3910 1313 4103">
     <span class='ocr_line' id='line_1_27' title="bbox 448 3910 828 3999; baseline -0.024 -20"><span class='ocrx_word' id='word_1_175' title='bbox 448 3910 713 3999; x_wconf 81' lang='lat' dir='ltr'>interpungenda</span> <span class='ocrx_word' id='word_1_176' title='bbox 735 3927 828 3973; x_wconf 85' lang='lat' dir='ltr'>esse:</span> 
     </span>
     <span class='ocr_line' id='line_1_28' title="bbox 687 4021 1313 4103; baseline -0.002 -10"><span class='ocrx_word' id='word_1_177' title='bbox 687 4026 789 4093; x_wconf 80' lang='lat' dir='ltr'>siccat</span> <span class='ocrx_word' id='word_1_178' title='bbox 808 4022 911 4088; x_wconf 80' lang='lat' dir='ltr'>honos</span> <span class='ocrx_word' id='word_1_179' title='bbox 929 4021 1096 4103; x_wconf 80' lang='lat' dir='ltr'>laudatos,</span> <span class='ocrx_word' id='word_1_180' title='bbox 1117 4033 1229 4090; x_wconf 69' lang='lat' dir='ltr'>omont</span> <span class='ocrx_word' id='word_1_181' title='bbox 1252 4023 1313 4093; x_wconf 84' lang='lat' dir='ltr'>rel.</span> 
     </span>
    </p>
   </div>
   <div class='ocr_carea' id='block_1_8' title="bbox 366 4160 1127 4336">
    <p class='ocr_par' dir='ltr' id='par_1_11' title="bbox 366 4160 1127 4336">
     <span class='ocr_line' id='line_1_29' title="bbox 366 4160 819 4239; baseline -0.007 -13"><span class='ocrx_word' id='word_1_182' title='bbox 366 4173 430 4239; x_wconf 73' lang='lat'>249</span> <span class='ocrx_word' id='word_1_183' title='bbox 531 4160 688 4226; x_wconf 86' lang='lat' dir='ltr'>Similiter</span> <span class='ocrx_word' id='word_1_184' title='bbox 814 4175 819 4186; x_wconf 86' lang='grc'><em>·</em></span> 
     </span>
     <span class='ocr_line' id='line_1_30' title="bbox 547 4235 1127 4336; baseline 0.005 -23"><span class='ocrx_word' id='word_1_185' title='bbox 547 4239 551 4245; x_wconf 93' lang='grc'>·</span> <span class='ocrx_word' id='word_1_186' title='bbox 877 4235 1127 4336; x_wconf 71' lang='lat' dir='ltr'>m=mn.</span> 
     </span>
    </p>
   </div>
   <div class='ocr_carea' id='block_1_9' title="bbox 495 4377 1548 4731">
    <p class='ocr_par' dir='ltr' id='par_1_12' title="bbox 495 4377 1548 4731">
     <span class='ocr_line' id='line_1_31' title="bbox 496 4377 1548 4480; baseline -0.005 -23"><span class='ocrx_word' id='word_1_187' title='bbox 496 4378 666 4480; x_wconf 88' lang='lat' dir='ltr'>Mespilis</span> <span class='ocrx_word' id='word_1_188' title='bbox 693 4379 766 4454; x_wconf 87' lang='lat' dir='ltr'>tria</span> <span class='ocrx_word' id='word_1_189' title='bbox 790 4401 948 4478; x_wconf 80' lang='lat' dir='ltr'>genera,</span> <span class='ocrx_word' id='word_1_190' title='bbox 981 4377 1184 4473; x_wconf 83' lang='lat' dir='ltr'>anthedon,</span> <span class='ocrx_word' id='word_1_191' title='bbox 1213 4380 1371 4477; x_wconf 75' lang='lat' dir='ltr'>setania,</span> <span class='ocrx_word' id='word_1_192' title='bbox 1404 4385 1548 4462; x_wconf 83' lang='lat' dir='ltr'>tertium</span> 
     </span>
     <span class='ocr_line' id='line_1_32' title="bbox 497 4511 1547 4617; baseline 0 -22"><span class='ocrx_word' id='word_1_193' title='bbox 497 4518 718 4617; x_wconf 54' lang='lat' dir='ltr'>degenerem</span> <span class='ocrx_word' id='word_1_194' title='bbox 744 4511 944 4599; x_wconf 87' lang='lat' dir='ltr'>anthedoni</span> <span class='ocrx_word' id='word_1_195' title='bbox 969 4521 1090 4588; x_wconf 82' lang='lat' dir='ltr'>tomen</span> <span class='ocrx_word' id='word_1_196' title='bbox 1116 4511 1284 4611; x_wconf 89' lang='lat' dir='ltr'>similius,</span> <span class='ocrx_word' id='word_1_197' title='bbox 1310 4517 1409 4616; x_wconf 86' lang='lat' dir='ltr'>quod</span> <span class='ocrx_word' id='word_1_198' title='bbox 1437 4518 1547 4596; x_wconf 84' lang='lat' dir='ltr'>Galli·</span> 
     </span>
     <span class='ocr_line' id='line_1_33' title="bbox 495 4660 748 4731; baseline -0.012 0"><span class='ocrx_word' id='word_1_199' title='bbox 495 4679 580 4731; x_wconf 87' lang='lat' dir='ltr'>cnm</span> <span class='ocrx_word' id='word_1_200' title='bbox 605 4660 748 4730; x_wconf 80' lang='lat' dir='ltr'>vocant</span> 
     </span>
    </p>
   </div>
   <div class='ocr_carea' id='block_1_10' title="bbox 0 0 1788 5559">
    <p class='ocr_par' dir='ltr' id='par_1_13' title="bbox 0 0 1788 5559">
     <span class='ocr_line' id='line_1_34' title="bbox 0 0 1788 5559; baseline 0 6"><span class='ocrx_word' id='word_1_201' title='bbox 0 0 1788 5559; x_wconf 95' lang='lat' dir='ltr'> </span> 
     </span>
    </p>
   </div>
  </div>
 </body>
</html>
