3567 5559
695 752 785 814 liber
804 746 898 814 XIX.
1305 743 1346 816 79

323 949 377 1011 lta
394 945 490 1031 vulgo
510 945 627 1031 legitur
655 941 883 1010 eDioscoride
905 947 944 1010 ΙΙ.
970 945 1043 1012 138:
1085 949 1119 1009 at
1145 963 1220 1008 vero
1249 941 1346 1028 longe
1447 933 1453 940 ’

231 1064 328 1128 aliud
352 1083 470 1128 nomen
491 1063 525 1126 in
547 1060 692 1126 codicum
714 1063 896 1146 corruptela
919 1067 1042 1127 alterata
1064 1084 1084 1127 a
1107 1083 1140 1144 c,
1162 1064 1282 1125 caeram
1306 1061 1346 1141 Θ,

233 1201 345 1244 ceram
368 1180 395 1245 Τ
417 1179 439 1244 d
459 1179 549 1262 latet,
572 1200 636 1243 non
658 1182 782 1242 abertas
803 1179 824 1242 i.
847 1198 875 1243 s.
889 1185 1037 1266 χηρείαν,
1063 1178 1148 1264 quod
1169 1180 1267 1243 lanus
1289 1175 1345 1240 du·

233 1297 383 1360 bitanter
403 1273 580 1382 proposuit,
603 1295 661 1359 sed
683 1302 794 1360 cerain.
816 1295 944 1382 Quippe
965 1297 1092 1360 disertis
1114 1294 1219 1360 verbis
1242 1293 1346 1358 Theo·

232 1413 392 1498 phrastus
414 1412 473 1478 IX.
496 1414 544 1479 15.
566 1414 586 1479 5
608 1413 752 1476 nominat
772 1411 813 1500 ἣν
833 1409 956 1480 ἐκεῖνοι
974 1410 1206 1502 perdeleantur
1227 1401 1365 1501 ἀγρίωνι

180 1599 183 1609 ,
233 1533 382 1598 καλοῦσι
401 1534 468 1596 τῶν
489 1527 645 1619 δ’ἶατρῶν
665 1551 751 1606 τινες
775 1529 900 1618 κεράΐν.

686 1734 905 1821 ar=5,2a.
1239 1793 1241 1796 .
1360 1709 1430 1798 'aaa

286 1917 340 1930 -
365 1869 523 1948 Manium
542 1871 688 1949 Curium
706 1874 963 1991 imperatorem
984 1895 1105 1973 quem,
1131 1870 1347 1949 Samnitium
1420 1861 1421 1864 Ὺ

287 2004 427 2106 legatis
453 2028 580 2089 aurum
606 2005 842 2104 repudiaturo
869 2005 1122 2097 afferentibus,
1159 2028 1247 2120 rapa
1272 2011 1348 2082 tnr-

287 2145 433 2217 rentem
458 2139 496 2214 in
522 2138 611 2239 loeo·
627 2139 817 2214 inventum
832 2136 985 2214 annales
1002 2137 1117 2215 nostri
1134 2137 1345 2238 prodidere.

322 2271 461 2336 Prorsus
488 2291 554 2334 non
574 2269 734 2354 intelligo,
770 2269 847 2354 quid
869 2269 1027 2356 Silligium
1047 2247 1208 2356 impulerit
1234 2277 1270 2334 ut
1292 2291 1347 2356 op·

240 2388 354 2452 finiam
376 2408 489 2453 rocem
510 2408 606 2472 quam
631 2387 664 2450 in
685 2387 829 2472 margine
858 2389 1037 2469 annotavit,
1066 2389 1100 2452 in
1120 2388 1216 2452 Plinii
1236 2403 1349 2452 narra

239 2506 363 2570 tionem
384 2525 449 2570 non
470 2504 644 2590 reciperet:
679 2509 839 2584 torpidam
864 2504 951 2586 dico,
974 2525 1069 2591 quam
1090 2506 1195 2590 ipsam
1219 2505 1348 2573 ema

240 2622 414 2700 exhibent,
441 2623 555 2686 leviter
575 2620 638 2685 Td
668 2621 701 2684 in
732 2626 896 2705 hospitum,
929 2623 1005 2685 ain
1038 2627 1184 2703 torpida,
1218 2623 1347 2706 gravius
1412 2701 1414 2704 Ι

242 2739 329 2824 quod
350 2739 474 2804 mireris
495 2738 542 2802 D²
563 2713 597 2802 in
618 2743 658 2802 ab
680 2743 810 2803 hostiam
830 2745 1049 2824 corruperunt.
1071 2739 1128 2802 llla
1150 2739 1235 2803 enim
1257 2759 1346 2821 voce,

243 2878 339 2943 quam
360 2858 457 2921 etiam
473 2856 752 2942 lanus‘neglexib
789 2861 864 2919 ante
885 2878 914 2920 v.
936 2861 1135 2936 repudiaturo
1162 2857 1284 2920 inserta
1306 2854 1347 2919 ad

243 2993 348 3037 rerum
371 2993 496 3058 quoque
531 2973 718 3038 memoriam
746 2973 865 3059 aliquid
888 2973 1008 3038 addere
1042 2972 1161 3039 licebit.
1204 2975 1348 3059 Apparet

244 3090 329 3154 enim
352 3088 468 3155 (huius
498 3112 596 3177 quum
618 3090 809 3176 Samnitium
845 3090 1006 3178 quondam
1027 3090 1167 3168 hostiurn
1194 3097 1263 3155 tum
1283 3091 1347 3154 iarn

244 3207 422 3291 clientium,
450 3215 487 3273 ut
509 3207 672 3274 Ciceronis
695 3209 736 3273 de
756 3193 792 3272 re
814 3208 902 3294 publ.
924 3210 975 3275 111.
998 3209 1047 3276 28.
1069 3209 1111 3274 40
1136 3208 1242 3274 verbis
1265 3215 1348 3290 utar,
1460 3298 1463 3302 ,

243 3323 367 3408 legatos
388 3325 552 3411 exciperet
573 3326 607 3389 in
628 3347 666 3390 eo
688 3325 787 3390 luisse
815 3332 852 3390 ut
872 3326 1046 3412 hospitium
1067 3327 1106 3390 iis
1128 3324 1347 3390 renunciaret:

244 3448 372 3526 propter
400 3441 631 3526 offensionem,
659 3445 787 3528 opinor,
816 3464 911 3530 quam
933 3444 1048 3529 Pyrrhi
1074 3444 1153 3508 socii
1181 3449 1349 3508 contraxe-

246 3565 324 3624 rant.
369 3557 519 3624 Ceterum
545 3560 641 3646 paulo
668 3568 742 3646 post
763 3562 790 3645 ξ.
812 3561 854 3627 88
887 3561 986 3626 verba
1012 3566 1199 3644 rtaptaltaas
1234 3566 1349 3626 Graece

247 3678 355 3740 citatur
386 3677 475 3740 utin
498 3668 644 3742 omnibus
665 3674 753 3742 libris
783 3677 876 3742 editis
898 3647 1115 3763 reperiuntur,
1148 3679 1195 3743 ita
1215 3678 1248 3740 in
1270 3696 1348 3763 qua·

247 3796 316 3857 tuor
335 3793 398 3858 illis
421 3794 584 3859 codicibus
606 3815 685 3880 quos
708 3791 750 3858 ad
771 3794 857 3858 hunc
876 3794 994 3859 librum
1014 3775 1236 3881 corrigendum
1260 3793 1349 3858 adhi-

247 3906 313 3975 beri
333 3911 419 3992 licet,
442 3909 565 3974 desunt.
609 3910 711 3975 Iidem
732 3934 762 3977 v.
785 3915 901 3977 Graece
917 3912 967 3977 vel
983 3917 1130 3978 Graeciae
1152 3913 1255 3977 alieno
1278 3911 1349 3974 loco

249 4034 318 4092 ante
331 4050 362 4093 v.
377 4031 489 4100 seritur
500 4035 739 4112 conservarunt,
762 4049 825 4115 quo
839 4029 958 4114 insigni
973 4029 1164 4096 documento
1178 4029 1350 4094 edocemur

250 4135 357 4210 omnes
378 4144 421 4210 ad
444 4161 545 4210 unum
566 4145 732 4232 exemplar
752 4146 849 4232 idque
870 4167 891 4210 a
912 4147 1034 4212 lacunis
1056 4170 1121 4215 non
1142 4149 1283 4214 immune
1304 4167 1351 4210 rc·

249 4257 329 4327 ferri
371 4260 467 4327 Unde
488 4263 620 4349 vulgata
640 4264 736 4328 lectio
757 4263 904 4330 derivata
926 4265 981 4347 sit,
1002 4267 1122 4354 nescio.

697 4439 905 4525 95:5,3n

294 4580 439 4661 Genera
478 4581 611 4661 Graeci
648 4582 743 4661 haee
758 4613 763 4618 ’
781 4583 924 4661 fecere:
964 4583 1140 4662 bulbinen
1176 4627 1224 4640 —-
1249 4585 1350 4682 aegi-

299 4711 431 4816 lipa—

1370 4488 1434 4555 400
