3567 5559
644 760 745 828 tram
757 763 885 828 XVPH.
1219 808 1223 819 x
1272 761 1314 831 ὅθ

200 958 343 1023 mudum
388 975 464 1021 esee
496 955 682 1022 Hmdninue
720 959 850 1044 egregie
886 957 1120 1022 animadvertit.
1174 955 1315 1039 ‚cumr

202 1077 296 1142 enim
312 1076 425 1157 ,ιιιιοιι
448 1075 609 1161 Vergilius
620 1077 737 1160 Georg.
755 1077 780 1142 1.
797 1078 854 1145 173
876 1077 1011 1158 dixerat,
1034 1082 1174 1162 ,propter
1194 1097 1315 1140 morem
1386 1147 1389 1152 .

200 1195 407 1281 ‚provinciae
429 1214 524 1277 auae,
551 1196 584 1257 in
606 1214 670 1280 que
690 1200 802 1259 aratra
818 1194 939 1258 habent
960 1201 1046 1258 rotae
1068 1193 1182 1279 quibus
1202 1193 1314 1258 iuvan-

195 1314 295 1396 ,tnr‘g
324 1319 366 1376 ut
388 1313 520 1377 Servius
542 1319 684 1378 annotat.
726 1313 839 1398 Neque
860 1318 969 1378 tamen
994 1311 1097 1396 ipsam
1111 1332 1215 1397 ‚quam
1242 1331 1314 1396 pro·
1430 1347 1438 1356 -

201 1432 272 1495 tulit
293 1430 521 1496 coniecturam
531 1437 732 1510 peramara·
754 1438 846 1508 (nam
857 1436 1075 1511 plaustrorum
1086 1429 1221 1515 proponi
1233 1429 1314 1494 falso

204 1548 269 1612 Sili.
291 1549 368 1612 Ian.
395 1548 590 1623 retulerunt)
614 1548 826 1641 probarum,
849 1570 946 1643 quum
967 1548 1177 1614 Plininsnon
1199 1548 1314 1618 doter-

201 1685 255 1730 rae
277 1666 435 1730 aratione
462 1665 519 1728 sed
542 1665 583 1728 de
605 1667 701 1731 aratri
722 1687 842 1752 genere
869 1673 954 1752 aget.
997 1668 1104 1752 Atque
1130 1668 1314 1752 genetivum

205 1803 296 1867 quem
320 1759 522 1868 quaerimus,
546 1782 670 1848 duabus
692 1785 838 1850 litterulis
860 1785 992 1850 mutatis

417 1908 584 1981 plaustroti

207 2039 275 2083 eree
295 2019 511 2105 reperiemus.

606 2192 674 2264 176
701 2211 741 2242 =
770 2190 907 2278 19392.
1220 2132 1224 2138 ·
1335 2212 1397 2281 360

256 2333 350 2413 Sunt
380 2343 419 2413 et
446 2337 507 2413 hio
535 2361 624 2413 suae
650 2335 769 2438 leges,

285 2468 412 2533 Terrae
439 2490 594 2554 generum
620 2470 809 2534 varietatem
836 2470 869 2532 in
898 2467 1019 2534 arendo
1054 2469 1169 2554 reepiei
1197 2469 1314 2535 debere

213 2583 261 2664 ait,
282 2609 360 2650 saue
385 2594 494 2650 autem
517 2608 579 2674 quo
592 2587 749 2652 referatur
763 2607 828 2650 non
843 2585 952 2652 habet.
976 2586 1089 2673 Itaque
1112 2587 1314 2652 scribendum

215 2709 272 2763 eet:
301 2717 371 2766 sunt
400 2716 428 2767 et
457 2709 504 2765 tir
535 2721 609 2767 suae
641 2710 734 2785 leger,
770 2703 846 2767 item
872 2704 902 2788 §.
926 2703 987 2798 1192
1016 2723 1033 2766 e
1064 2704 1173 2768 oodioe
1202 2724 1222 2766 a
1248 2724 1313 2767 non

215 2830 239 2877 et
259 2824 308 2883 tie
329 2829 412 2900 leges
432 2833 501 2884 eunt
518 2827 666 2899 propriae
688 2821 746 2884 sed
764 2832 792 2883 et
811 2825 882 2884 huic
905 2827 922 2882 Ι.
944 2843 968 2884 r.
989 2841 1021 2899 p.

619 2943 753 3053 raa:
779 2980 901 3066 eam.

265 3167 303 3176 -
329 3169 375 3181 -
405 3127 490 3203 fons
516 3127 677 3203 abundat
703 3127 829 3226 largus
855 3127 1004 3225 quidem
1041 3125 1113 3200 sed‘
1138 3131 1175 3200 et
1201 3125 1312 3228 certis

259 3253 430 3334 horarum
457 3257 589 3357 spatiis·
612 3257 848 3358 dispensatur
871 3259 967 3334 inter
992 3257 1143 3370 incolas.

291 3387 517 3481 Dittographia
548 3390 683 3475 expulsa
715 3391 832 3455 scribe:
866 3397 922 3454 sed
948 3396 1036 3453 certis
1065 3391 1121 3454 rel.
1156 3389 1313 3474 §.190'e

223 3501 281 3565 cod.
302 3525 321 3568 a
339 3509 419 3609 Orga
440 3508 512 3592 lego
536 3509 655 3590 Orgae,
691 3507 856 3593 (nomine)
894 3515 930 3572 ut
950 3506 1022 3570 fons
1045 3506 1131 3594 Orga
1160 3507 1313 3593 appellari

1333 3048 1392 3116 361

224 3637 362 3728 rideatur.
386 3661 414 3744 ὅ.
433 3661 496 3756 191Ι
511 3660 657 3724 Straekio
676 3660 833 3725 assentior
852 3667 967 3724 suatur
981 3660 1142 3746 scribenti
1153 3660 1223 3724 loeo
1246 3660 1311 3722 vul-

224 3778 305 3848 gatae
325 3787 444 3842 seritur.

620 3887 691 4008 193
715 3954 756 3986 ²
782 3935 903 4021 23,54.
1334 3967 1397 4036 352

267 4075 446 4159 Autumno
474 4080 614 4178 aliquid
639 4087 785 4156 saturus
810 4077 1018 4179 Septembri
1036 4102 1162 4155 mense
1189 4077 1338 4180 timum,

266 4203 372 4287 inaret
399 4220 484 4312 post
509 4212 662 4288 imbrem
689 4210 756 4291 rel.
874 4269 883 4286 .

296 4337 362 4407 Non
391 4343 432 4408 de
448 4337 609 4408 inurendo
632 4343 690 4408 sed
719 4341 759 4406 de
781 4341 992 4426 disponendo·
1010 4343 1083 4406 fimo
1107 4343 1227 4427 agitur,
1254 4343 1313 4407 ita·

235 4465 283 4529 (1¹¹0
302 4477 366 4524 aum
388 4461 480 4526 eodd.
503 4461 676 4547 legendnm
698 4467 751 4524 eet
769 4467 908 4523 inureret
926 4460 946 4521 i.
970 4479 996 4524 e.
1019 4459 1195 4524 acervatim
1214 4468 1314 4543 ponat

236 4564 370 4650 (motet
389 4578 503 4643 litteris
527 4600 544 4642 e
566 4587 599 4643 et
619 4601 650 4664 g,
672 4583 709 4640 ut
728 4577 773 4660 fit,
794 4576 1008 4662 permutatio).

274 4685 397 4774 lustum
430 4704 489 4773 est
526 4696 646 4774 vehes·
678 4695 891 4774 octodecim
919 4695 1049 4791 iugero
1085 4695 1214 4784 tribui,
1256 4696 1312 4772 di-
