3567 5559
455 598 496 663 lb
923 594 1024 663 Ltter
1043 595 1102 663 11.

453 783 622 851 aoribontz
643 782 784 868 inopom
803 779 952 849 R2'l'Pd
974 784 1069 867 (uam
1089 782 1122 848 K
1135 783 1156 848 i.
1171 804 1202 849 c.
1224 792 1371 849 veterem
1392 782 1564 851 Dalecam·

454 904 501 989 pii
521 922 585 989 pro
607 900 728 966 codice
748 899 813 966 Ms.
835 920 903 968 non
924 902 1061 988 babeo),
1084 902 1205 989 impari
1223 902 1271 967 Ρι1
1292 940 1328 955 -
1350 906 1481 969 numeri
1501 906 1565 970 'ld1

453 1018 666 1087 nemnem
682 1019 897 1105 murem,
918 1022 1006 1088 uude
1021 1022 1121 1089 lanus
1144 1022 1220 1087 dum
1242 1022 1325 1087 miro
1347 1023 1471 1091 iudicio
1485 1045 1567 1091 cou-

453 1141 524 1208 iicit
543 1136 676 1203 moueri
693 1136 827 1201 nimium
849 1138 1043 1207 mulieribus
1069 1141 1203 1207 videtur
1223 1141 1388 1209 tribuisse.
1433 1142 1569 1209 Poterat

454 1269 566 1326 teman
592 1254 647 1321 vel
677 1274 699 1319 e
728 1254 904 1322 Macrobio
930 1278 994 1323 suo
1022 1260 1066 1323 ad
1098 1259 1210 1325 Semo.
1234 1258 1324 1346 Scip.
1338 1261 1362 1326 l.
1377 1260 1407 1329 6.
1430 1261 1571 1329 meliora

455 1377 571 1447 doceri
592 1376 649 1462 qui
668 1374 746 1442 loco
767 1376 832 1441 iam
856 1377 899 1441 ab
921 1376 1092 1444 llardoino
1114 1376 1252 1444 laudato
1275 1378 1436 1475 imparem
1457 1401 1571 1446 nume.

453 1521 527 1566 rum
557 1515 683 1562 marem
710 1505 744 1559 et
772 1514 887 1579 parem
916 1493 1073 1561 feminam
1093 1497 1211 1562 vocari
1234 1497 1378 1562 tradidit
1432 1497 1572 1565 Scilicet

453 1638 553 1703 quum
574 1634 642 1680 nou
662 1614 697 1678 in
718 1624 893 1679 ventorum
916 1625 1044 1681 tantum
1063 1612 1199 1682 flatibus
1219 1616 1281 1683 scd
1304 1636 1411 1702 saepe
1432 1627 1572 1701 proete-

453 1757 514 1803 ree
531 1738 693 1820 imparem
721 1752 893 1810 numerum
913 1734 1031 1801 velare
1051 1736 1271 1801 observasset
1294 1734 1429 1817 Plinius,
1451 1757 1574 1803 uume-

452 1876 568 1923 rorum
589 1853 622 1919 iu
643 1853 835 1920 uuiversum
857 1854 1123 1919 distributionem
1144 1854 1221 1919 iude
1248 1853 1374 1921 factam
1397 1876 1476 1923 csse
1498 1856 1572 1921 ani·

452 1972 638 2043 madvertit
690 1972 810 2041 Deleta
838 1974 938 2061 igitur
966 1972 1118 2043 litteras
1146 1974 1287 2060 quaein
1308 1974 1350 2043 R.
1375 1996 1394 2042 e
1414 1977 1574 2062 proxima

453 2114 543 2162 voce
562 2092 612 2159 tol
634 2092 737 2176 priori
758 2093 925 2175 adhaesit,
946 2094 1163 2161 scribendum
1187 2103 1258 2161 est:
1430 2070 1434 2081 ⁸

368 2270 371 2275 .
496 2232 605 2277 mores
625 2213 738 2304 itaque
758 2212 994 2299 existimantur
1015 2214 1163 2297 impares,
1175 2213 1315 2275 numeri.

279 2354 285 2363 ·
394 2389 437 2454 20
543 2385 547 2391 ’
870 2360 1152 2455 131=48,49·

413 2579 416 2583 ,
506 2500 574 2577 sin
601 2521 693 2575 varo
724 2494 905 2595 depresso
938 2504 1019 2570 sinu
1051 2494 1167 2571 artius
1196 2495 1307 2571 rotati
1339 2491 1578 2593 effregerunt

503 2634 662 2735 (nubem
674 2630 848 2732 flatus),
875 2631 956 2707 sine
986 2631 1070 2732 igne
1105 2630 1195 2735 [hoo
1225 2650 1278 2706 est
1311 2639 1384 2705 sine
1413 2630 1575 2735 fulmine]

503 2771 681 2851 verticem
714 2766 873 2863 fuciunt,
904 2768 967 2870 qui
999 2750 1142 2870 typhon
1174 2774 1328 2844 vocatur
1359 2763 1468 2868 [hoc
1495 2779 1577 2842 est

502 2907 714 2987 vibratus
741 2902 1023 3009 ecnephias].

537 3058 718 3126 Manifesto
746 3055 952 3142 glossemate
982 3058 1091 3123 rarior
1116 3074 1200 3121 usus
1225 3056 1322 3121 vocis
1348 3054 1449 3142 ipae,
1477 3074 1574 3138 quae

388 3260 392 3267 ¹
424 3219 428 3223 -
451 3179 589 3264 saepius
604 3174 862 3243 aLucretion.
873 3174 924 3240 87.
938 3194 1023 3260 sqq.‚
1045 3176 1145 3240 etiam
1165 3191 1185 3236 a
1199 3172 1333 3237 Seneca
1346 3171 1386 3237 N.
1396 3172 1459 3247 Qu.
1472 3169 1508 3238 V.
1520 3172 1575 3238 le.

452 3308 486 3364 et
513 3295 588 3360 eliis
619 3313 682 3379 pro
707 3289 844 3356 fulmine
865 3290 1057 3369 adhibetur,
1091 3286 1286 3371 explicatur.
1328 3288 1410 3353 ltem
1438 3290 1471 3355 in
1500 3290 1576 3357 line

451 3411 640 3483 sententiae
653 3430 674 3474 a
688 3412 787 3475 docto
804 3408 1048 3494 interpolatore
1062 3406 1189 3494 typhon
1197 3408 1310 3473 verbis
1326 3406 1386 3473 boc
1397 3417 1447 3472 est
1457 3406 1576 3472 uibra-

453 3546 506 3602 ωε
525 3530 697 3615 ecucpbius
716 3528 909 3609 illustratur,
933 3548 1032 3614 quum
1054 3538 1165 3592 tamen
1188 3526 1315 3612 typhon
1337 3527 1380 3590 ab
1399 3498 1576 3610 ecncpliia

451 3650 670 3733 mox§.133.
695 3648 926 3734 distinguatur.
986 3645 1114 3723 Quibus
1140 3645 1256 3713 eiectis
1283 3663 1444 3730 germana
1472 3642 1574 3710 Plinii

450 3774 559 3843 verbe
569 3753 667 3837 'baec
683 3767 851 3834 evaduntc

421 3912 424 3919 ·
493 3891 663 3982 sinciput
679 3886 834 3953 uerticem
855 3882 1005 3973 sociant,
1030 3884 1089 3978 qui
1112 3879 1231 3968 typbou
1252 3887 1397 3945 vocatur.

281 4031 285 4037 ¹
392 4073 432 4138 21
868 4034 1147 4135 134=te‚5b.

504 4180 571 4258 Fit
592 4177 772 4278 etcelligo
790 4177 935 4252 belluae
957 4174 1145 4269 similis,
1158 4174 1275 4256 nube
1299 4170 1380 4246 dira
1393 4167 1574 4269 navigan-

500 4317 613 4395 tibus.
630 4314 864 4391 avocatur
890 4323 928 4389 et
955 4312 1135 4403 columna,
1164 4332 1247 4383 cum
1261 4307 1442 4408 spissatus
1457 4330 1576 4384 umor

501 4455 703 4556 rigensque
723 4451 806 4553 ipse
828 4476 870 4527 se
885 4448 1063 4542 sustinet3
1086 4444 1281 4521 excedam
1303 4468 1441 4544 genere
1467 4442 1573 4519 etin

501 4582 650 4695 longum
676 4588 792 4670 veluti
813 4588 939 4667 fistula
966 4578 1142 4690 [nubes]
1172 4603 1302 4683 aquam
1333 4579 1456 4657 trahit.
