3567 5559
456 550 500 617 48
919 546 1019 615 Liber
1037 547 1104 615 IV.

461 730 632 799 maone
655 733 788 821 legant,
817 720 938 821 proeul
968 734 1069 801 dubio
1095 732 1278 821 legitimum
1306 732 1419 821 oppidi
1439 744 1548 797 nomen

460 850 643 941 Therapne,
665 854 873 941 quodetiam
896 852 1030 921 Solinus
1042 874 1073 918 o.
1084 852 1135 919 ii.
1158 853 1303 931 exhibet,
1324 849 1549 925 restituendum

457 982 519 1040 eat.
561 972 693 1038 Deinde
720 970 869 1057 lbyreae
888 971 1075 1039 Salmasius
1089 972 1237 1037 Exercit.
1258 993 1292 1056 pr
1305 970 1374 1039 139.
1394 973 1428 1038 in
1440 966 1551 1033 lburt'u

456 1091 647 1155 mutandam
658 1110 739 1156 esse
747 1076 842 1171 vidit,
865 1108 943 1155 uam
955 1090 1111 1176 Thyreae
1124 1090 1319 1177 'Argolidem
1340 1092 1460 1157 versus
1478 1086 1553 1153 sitae

457 1206 564 1287 ebant,
585 1196 712 1273 'l'iruria
732 1229 816 1274 reru
837 1228 906 1274 non
926 1208 1027 1293 lenge
1043 1208 1209 1276 aPamiso
1226 1230 1325 1277 amue
1347 1210 1500 1291 distabat,
1519 1200 1554 1269 ol.

455 1326 568 1393 strab
582 1324 664 1392 viu.
681 1326 801 1415 patu,
827 1326 1042 1393 Pausarr.lV.
1058 1326 1152 1394 alu.
1207 1328 1368 1395 Ceterum
1397 1328 1555 1413 antiquum
1616 1382 1617 1387 ,

319 1516 325 1542 ⁸
453 1443 561 1511 ilrisse
574 1446 695 1511 ¹vitium
717 1448 791 1512 eod.
805 1447 838 1512 A
858 1457 893 1511 et
913 1445 1018 1513 Solini
1039 1445 1182 1514 lautiore
1204 1449 1468 1526 demonstratur,
1488 1442 1555 1508 lieet
1616 1456 1617 1499 2

453 1565 489 1629 in
510 1566 609 1629 codd.
628 1565 765 1631 Geleuii
784 1565 930 1651 liryrea,
956 1566 991 1631 iu
1011 1566 1174 1652 R'Tprea
1194 1558 1397 1652 reperiatur
1421 1562 1557 1632 Gravior

453 1701 536 1749 vero
557 1684 660 1749 totius
681 1683 747 1752 laei
770 1670 823 1751 est
843 1684 1062 1769 perturbatio,
1082 1682 1196 1771 inquo
1219 1706 1288 1752 non
1305 1686 1410 1751 moda
1430 1682 1559 1751 interio-

453 1815 512 1870 res
532 1803 604 1871 loei
621 1816 698 1870 'eum
719 1803 900 1871 maritimis
912 1804 1164 1871 confunduntur
1175 1806 1237 1871 sed
1251 1804 1454 1891 Cardamyle
1468 1792 1557 1890 quam

454 1932 490 1991 et
510 1925 695 1992 Strabonis
719 1923 772 1994 ll.
799 1935 833 1991 et
860 1924 1050 1992 Pausaniae
1070 1924 1127 1989 ¹111.
1143 1924 1197 1996 26.
1210 1924 1240 1993 5.
1269 1933 1381 1991 aetate
1405 1924 1559 1992 floruisse

453 2057 598 2127 constat,
615 2048 704 2114 inter
725 2047 890 2113 exstincta
910 2046 1035 2133 oppida
1056 2056 1276 2129 enumeratur.
1319 2046 1416 2121 Quae
1433 2036 1561 2129 ‘aliqua-

453 2175 553 2231 tenus
572 2167 701 2233 saltem
726 2181 746 2228 e
771 2166 884 2233 Soiini
910 2164 1054 2249 epitome
1081 2172 1254 2250 poterunt
1272 2154 1454 2229 emendari.
1508 2158 1561 2225 llle

453 2284 540 2347 enim
556 2281 581 2349 l.
591 2282 614 2349 l.
630 2275 717 2367 ¹post
733 2281 911 2348 Taenaron
937 2283 1086 2346 nominat
1106 2282 1284 2357 Leuctras,
1303 2292 1377 2345 tum
1388 2276 1567 2365 Amyclas,

452 2400 619 2484 Spartam,
641 2398 852 2481 Therapnas,
869 2398 1019 2474 Pitanen,
1041 2406 1300 2480 postramanuu
1324 2388 1397 2461 sitr'e
1418 2395 1566 2461 ridiculo

452 2536 567 2583 errore
593 2516 639 2579 ita
659 2516 797 2602 pergit:
830 2516 984 2595 „Anthia
1007 2524 1040 2580 et
1062 2512 1281 2600 Cardamyle,
1311 2514 1367 2580 ubi
1393 2514 1565 2600 quondam

449 2634 546 2700 fuere
568 2634 714 2719 Thyrae,
736 2650 825 2699 nune
843 2632 939 2699 loeus
961 2634 1092 2711 dieitur,
1112 2634 1146 2697 iu
1168 2655 1233 2721 quo
1259 2654 1347 2699 auno
1356 2634 1451 2700 XVll
1465 2634 1562 2721 regni

450 2751 583 2821 Romuli
606 2745 858 2820 iuterLaeonas
871 2754 1062 2839 etArgivos
1083 2752 1298 2820 memorabile
1320 2750 1442 2819 bellum
1456 2752 1562 2820 -fait.“

450 2841 673 2944 scribendum
702 2885 769 2941 est:
804 2874 875 2954 ,,Α-.
897 2894 925 2939 e.
947 2870 1233 2957 Cardamyle-ubi
1258 2874 1425 2957 quondam
1453 2872 1560 2953 fuere,

449 2994 586 3081 'l'byraa
601 2995 793 3080 (Thyreae)
814 3011 903 3057 nune
922 2991 1018 3057 loeus
1038 2991 1193 3061 dieitur.“
1216 2990 1296 3055 lude
1306 2992 1561 3075 transponenda

450 3132 529 3180 esse
553 3110 647 3177 Plinii
668 3116 773 3178 verba
792 3114 825 3176 in
845 3112 937 3176 buno
959 3111 1091 3175 modum
1107 3122 1264 3195 apparet:
1288 3108 1417 3198 Oppido
1431 3112 1562 3177 laena·

448 3251 536 3309 rum,
558 3231 704 3294 Leuctra
725 3239 758 3293 et
773 3230 869 3292 iratus
882 3224 1016 3314 Sparta,
1030 3227 1199 3313 Ampolae,
1212 3226 1352 3309 Pherae,
1377 3226 1561 3319 lberapne,

449 3348 569 3413 Rtane
582 3347 641 3412 rel.
669 3348 810 3413 'Scilicet
829 3363 904 3411 eum
925 3346 1074 3409 ordinem
1097 3346 1339 3414 tenuitl'lirtius
1360 3347 1562 3433 nimiruum

449 3467 619 3552 antiquum
637 3466 820 3532 -Laaouum
847 3481 965 3549 agrum
996 3484 1103 3551 usque
1129 3466 1173 3529 ad
1205 3462 1562 3535 ninerem'ramrsun

449 3586 678 3667 desbriberet,
692 3587 814 3652 deiude
827 3574 1007 3669 regionem
1025 3583 1274 3665 Messeniorum
1294 3604 1402 3671 usque
1425 3586 1469 3650 ad
1492 3600 1561 3653 nra·

447 3708 733 3773 iorem-Pamisum
755 3707 908 3787 adderet,
921 3758 923 3765 .
934 3694 1019 3793 quae
1042 3722 1129 3771 anno
1140 3702 1411 3773 uocuxxvut
1426 3706 1561 3775 Messe·

448 3828 512 3895 uiis
533 3829 664 3895 reddita
688 3815 1176 3916 armamentarium),
1207 3822 1380 3910 Agrippae
1409 3802 1559 3895 fortasse

447 3950 695 4016 commentariis
716 3971 811 4030 usus,
833 3951 953 4036 quibus
976 3968 1017 4014 ea
1038 3946 1230 4011 Laconibus
1253 3946 1350 4011 tribui
1374 3960 1558 4014 cousenta-

447 4090 545 4144 neum
568 4081 640 4134 erat
660 4091 746 4157 qnae
768 4070 810 4136 ab
820 4069 1011 4163 ¹Octaviano
1032 4067 1074 4133 iis
1097 4062 1192 4131 erant
1215 4084 1393 4139 concessa.
1425 4064 1558 4133 Pheras

328 4249 331 4254 ,
448 4187 533 4277 euim
554 4207 623 4255 aron
647 4206 721 4252 eam
736 4187 851 4250 urbem
871 4166 1120 4271 intelligendam
1140 4203 1218 4259 esse
1239 4196 1382 4268 apparet
1403 4204 1491 4270 quae
1513 4186 1558 4250 ad

447 4288 623 4370 Nedonem
644 4305 709 4369 sita
730 4287 791 4369 suit
813 4306 874 4369 sed
900 4304 1038 4369 alteram
1054 4301 1204 4388 Amyclis
1224 4302 1379 4384 vicinam,
1401 4302 1557 4371 eiPaus.

446 4422 597 4491 lV.16.8.
632 4422 699 4487 lam
721 4410 820 4509 igitur
840 4443 941 4489 uuum
959 4432 1066 4489 restat
1089 4423 1200 4487 vitium
1221 4424 1394 4510 quodiam
1418 4422 1556 4490 Solinus

446 4546 480 4609 iu
501 4564 566 4611 suo
587 4544 746 4632 exemplo
766 4544 969 4631 reperiebat,
992 4562 1011 4609 e
1032 4543 1201 4610 Strabone
1214 4542 1297 4611 Vlll.
1311 4540 1428 4630 patu
1445 4541 1555 4611 *abtri-
